# GET https://api.hitbtc.com/api/2/public/trades/DASHBTC
[{"id":186788853,"price":"0.068199","quantity":"0.014","side":"buy","timestamp":"2018-02-08T05:24:39.271Z"},{"id":186788800,"price":"0.068186","quantity":"0.047","side":"buy","timestamp":"2018-02-08T05:24:36.430Z"},{"id":186788755,"price":"0.068340","quantity":"1.650","side":"buy","timestamp":"2018-02-08T05:24:33.431Z"},{"id":186788709,"price":"0.068276","quantity":"0.012","side":"sell","timestamp":"2018-02-08T05:24:30.630Z"},{"id":186788527,"price":"0.068339","quantity":"0.037","side":"sell","timestamp":"2018-02-08T05:24:25.791Z"},{"id":186788458,"price":"0.068284","quantity":"0.895","side":"sell","timestamp":"2018-02-08T05:24:20.673Z"},{"id":186788365,"price":"0.068236","quantity":"0.380","side":"sell","timestamp":"2018-02-08T05:24:16.153Z"},{"id":186788293,"price":"0.068301","quantity":"1.096","side":"buy","timestamp":"2018-02-08T05:24:12.311Z"},{"id":186788231,"price":"0.068203","quantity":"1.316","side":"buy","timestamp":"2018-02-08T05:24:08.550Z"},{"id":186788194,"price":"0.068275","quantity":"0.072","side":"sell","timestamp":"2018-02-08T05:24:06.350Z"},{"id":186788155,"price":"0.068254","quantity":"0.348","side":"buy","timestamp":"2018-02-08T05:24:04.271Z"},{"id":186788096,"price":"0.068335","quantity":"0.138","side":"buy","timestamp":"2018-02-08T05:24:00.631Z"},{"id":186788046,"price":"0.068338","quantity":"0.011","side":"sell","timestamp":"2018-02-08T05:23:57.996Z"},{"id":186787979,"price":"0.068362","quantity":"0.082","side":"buy","timestamp":"2018-02-08T05:23:53.310Z"},{"id":186787909,"price":"0.068353","quantity":"0.362","side":"sell","timestamp":"2018-02-08T05:23:48.310Z"},{"id":186787875,"price":"0.068384","quantity":"0.878","side":"buy","timestamp":"2018-02-08T05:23:45.670Z"},{"id":186787822,"price":"0.068296","quantity":"0.759","side":"sell","timestamp":"2018-02-08T05:23:42.511Z"},{"id":186787795,"price":"0.068296","quantity":"0.227","side":"sell","timestamp":"2018-02-08T05:23:40.511Z"},{"id":186787744,"price":"0.068314","quantity":"0.053","side":"buy","timestamp":"2018-02-08T05:23:38.150Z"},{"id":186787693,"price":"0.068403","quantity":"0.099","side":"buy","timestamp":"2018-02-08T05:23:34.037Z"},{"id":186787683,"price":"0.068371","quantity":"0.730","side":"buy","timestamp":"2018-02-08T05:23:33.470Z"},{"id":186787649,"price":"0.068336","quantity":"0.160","side":"buy","timestamp":"2018-02-08T05:23:31.351Z"},{"id":186787622,"price":"0.068390","quantity":"0.164","side":"sell","timestamp":"2018-02-08T05:23:29.031Z"},{"id":186787577,"price":"0.068371","quantity":"0.945","side":"sell","timestamp":"2018-02-08T05:23:25.110Z"},{"id":186787514,"price":"0.068338","quantity":"0.718","side":"buy","timestamp":"2018-02-08T05:23:21.158Z"},{"id":186787486,"price":"0.068330","quantity":"0.377","side":"sell","timestamp":"2018-02-08T05:23:18.870Z"},{"id":186787412,"price":"0.068371","quantity":"0.642","side":"buy","timestamp":"2018-02-08T05:23:14.990Z"},{"id":186787347,"price":"0.068315","quantity":"0.014","side":"buy","timestamp":"2018-02-08T05:23:10.272Z"},{"id":186787292,"price":"0.068367","quantity":"0.065","side":"buy","timestamp":"2018-02-08T05:23:06.470Z"},{"id":186787261,"price":"0.068379","quantity":"0.290","side":"sell","timestamp":"2018-02-08T05:23:04.030Z"},{"id":186787172,"price":"0.068394","quantity":"0.022","side":"sell","timestamp":"2018-02-08T05:22:59.277Z"},{"id":186787113,"price":"0.068367","quantity":"0.228","side":"buy","timestamp":"2018-02-08T05:22:54.438Z"},{"id":186787076,"price":"0.068429","quantity":"0.032","side":"sell","timestamp":"2018-02-08T05:22:51.637Z"},{"id":186787038,"price":"0.068435","quantity":"0.056","side":"sell","timestamp":"2018-02-08T05:22:49.791Z"},{"id":186787036,"price":"0.068294","quantity":"6.898","side":"sell","timestamp":"2018-02-08T05:22:49.743Z"},{"id":186787035,"price":"0.068296","quantity":"1.230","side":"sell","timestamp":"2018-02-08T05:22:49.743Z"},{"id":186787003,"price":"0.068354","quantity":"0.573","side":"sell","timestamp":"2018-02-08T05:22:47.311Z"},{"id":186786949,"price":"0.068338","quantity":"0.073","side":"buy","timestamp":"2018-02-08T05:22:43.712Z"},{"id":186786878,"price":"0.068464","quantity":"0.013","side":"sell","timestamp":"2018-02-08T05:22:39.631Z"},{"id":186786726,"price":"0.068382","quantity":"0.381","side":"sell","timestamp":"2018-02-08T05:22:36.350Z"},{"id":186786583,"price":"0.068409","quantity":"0.102","side":"buy","timestamp":"2018-02-08T05:22:33.990Z"},{"id":186786378,"price":"0.068352","quantity":"0.011","side":"buy","timestamp":"2018-02-08T05:22:32.350Z"},{"id":186785786,"price":"0.068366","quantity":"0.021","side":"sell","timestamp":"2018-02-08T05:22:28.237Z"},{"id":186785769,"price":"0.068260","quantity":"1.230","side":"sell","timestamp":"2018-02-08T05:22:26.520Z"},{"id":186785768,"price":"0.068274","quantity":"1.230","side":"sell","timestamp":"2018-02-08T05:22:26.520Z"},{"id":186785767,"price":"0.068277","quantity":"0.750","side":"sell","timestamp":"2018-02-08T05:22:26.520Z"},{"id":186785766,"price":"0.068278","quantity":"0.329","side":"sell","timestamp":"2018-02-08T05:22:26.520Z"},{"id":186785701,"price":"0.068421","quantity":"0.011","side":"sell","timestamp":"2018-02-08T05:22:23.592Z"},{"id":186785551,"price":"0.068377","quantity":"0.155","side":"buy","timestamp":"2018-02-08T05:22:21.071Z"},{"id":186785501,"price":"0.068321","quantity":"0.010","side":"sell","timestamp":"2018-02-08T05:22:17.631Z"},{"id":186785486,"price":"0.068403","quantity":"0.232","side":"buy","timestamp":"2018-02-08T05:22:16.950Z"},{"id":186785485,"price":"0.068403","quantity":"0.750","side":"buy","timestamp":"2018-02-08T05:22:16.950Z"},{"id":186785484,"price":"0.068402","quantity":"1.018","side":"buy","timestamp":"2018-02-08T05:22:16.950Z"},{"id":186785456,"price":"0.068348","quantity":"0.024","side":"sell","timestamp":"2018-02-08T05:22:15.115Z"},{"id":186785452,"price":"0.068404","quantity":"0.005","side":"buy","timestamp":"2018-02-08T05:22:14.595Z"},{"id":186785434,"price":"0.068320","quantity":"0.281","side":"sell","timestamp":"2018-02-08T05:22:13.030Z"},{"id":186785392,"price":"0.068375","quantity":"0.011","side":"sell","timestamp":"2018-02-08T05:22:10.952Z"},{"id":186785319,"price":"0.068265","quantity":"0.070","side":"sell","timestamp":"2018-02-08T05:22:06.190Z"},{"id":186785302,"price":"0.068434","quantity":"0.323","side":"buy","timestamp":"2018-02-08T05:22:05.238Z"},{"id":186785275,"price":"0.068247","quantity":"8.618","side":"sell","timestamp":"2018-02-08T05:22:03.573Z"},{"id":186785274,"price":"0.068253","quantity":"1.230","side":"sell","timestamp":"2018-02-08T05:22:03.573Z"},{"id":186785239,"price":"0.068429","quantity":"0.069","side":"sell","timestamp":"2018-02-08T05:22:01.871Z"},{"id":186785190,"price":"0.068311","quantity":"0.103","side":"buy","timestamp":"2018-02-08T05:21:57.911Z"},{"id":186785085,"price":"0.068282","quantity":"0.014","side":"sell","timestamp":"2018-02-08T05:21:53.515Z"},{"id":186785032,"price":"0.068330","quantity":"0.072","side":"buy","timestamp":"2018-02-08T05:21:49.755Z"},{"id":186784985,"price":"0.068452","quantity":"0.133","side":"buy","timestamp":"2018-02-08T05:21:48.035Z"},{"id":186784939,"price":"0.068413","quantity":"0.043","side":"buy","timestamp":"2018-02-08T05:21:45.032Z"},{"id":186784885,"price":"0.068430","quantity":"0.021","side":"buy","timestamp":"2018-02-08T05:21:41.630Z"},{"id":186784874,"price":"0.068187","quantity":"5.410","side":"sell","timestamp":"2018-02-08T05:21:41.232Z"},{"id":186784873,"price":"0.068201","quantity":"1.230","side":"sell","timestamp":"2018-02-08T05:21:41.232Z"},{"id":186784872,"price":"0.068223","quantity":"0.186","side":"sell","timestamp":"2018-02-08T05:21:41.232Z"},{"id":186784871,"price":"0.068223","quantity":"0.002","side":"sell","timestamp":"2018-02-08T05:21:41.232Z"},{"id":186784870,"price":"0.068229","quantity":"1.230","side":"sell","timestamp":"2018-02-08T05:21:41.232Z"},{"id":186784817,"price":"0.068327","quantity":"0.019","side":"buy","timestamp":"2018-02-08T05:21:36.871Z"},{"id":186784778,"price":"0.068469","quantity":"0.016","side":"buy","timestamp":"2018-02-08T05:21:33.591Z"},{"id":186784748,"price":"0.068349","quantity":"0.021","side":"sell","timestamp":"2018-02-08T05:21:31.346Z"},{"id":186784709,"price":"0.068224","quantity":"8.618","side":"sell","timestamp":"2018-02-08T05:21:27.998Z"},{"id":186784708,"price":"0.068225","quantity":"1.220","side":"sell","timestamp":"2018-02-08T05:21:27.998Z"},{"id":186784707,"price":"0.068233","quantity":"0.791","side":"sell","timestamp":"2018-02-08T05:21:27.998Z"},{"id":186784706,"price":"0.068283","quantity":"0.042","side":"sell","timestamp":"2018-02-08T05:21:27.998Z"},{"id":186784705,"price":"0.068284","quantity":"0.238","side":"sell","timestamp":"2018-02-08T05:21:27.998Z"},{"id":186784675,"price":"0.068379","quantity":"0.041","side":"buy","timestamp":"2018-02-08T05:21:26.551Z"},{"id":186784641,"price":"0.068478","quantity":"0.026","side":"buy","timestamp":"2018-02-08T05:21:24.351Z"},{"id":186784598,"price":"0.068496","quantity":"0.040","side":"sell","timestamp":"2018-02-08T05:21:20.990Z"},{"id":186784546,"price":"0.068480","quantity":"0.011","side":"sell","timestamp":"2018-02-08T05:21:16.550Z"},{"id":186784501,"price":"0.068527","quantity":"0.059","side":"sell","timestamp":"2018-02-08T05:21:13.155Z"},{"id":186784451,"price":"0.068535","quantity":"0.069","side":"buy","timestamp":"2018-02-08T05:21:08.911Z"},{"id":186784403,"price":"0.068543","quantity":"0.022","side":"buy","timestamp":"2018-02-08T05:21:05.638Z"},{"id":186784390,"price":"0.068441","quantity":"13.980","side":"sell","timestamp":"2018-02-08T05:21:04.952Z"},{"id":186784389,"price":"0.068458","quantity":"2.912","side":"sell","timestamp":"2018-02-08T05:21:04.952Z"},{"id":186784388,"price":"0.068459","quantity":"1.187","side":"sell","timestamp":"2018-02-08T05:21:04.952Z"},{"id":186784322,"price":"0.068535","quantity":"0.034","side":"buy","timestamp":"2018-02-08T05:21:01.116Z"},{"id":186784287,"price":"0.068502","quantity":"0.039","side":"buy","timestamp":"2018-02-08T05:20:58.750Z"},{"id":186784211,"price":"0.068501","quantity":"0.039","side":"buy","timestamp":"2018-02-08T05:20:54.645Z"},{"id":186784178,"price":"0.068505","quantity":"0.012","side":"buy","timestamp":"2018-02-08T05:20:52.351Z"},{"id":186784121,"price":"0.068556","quantity":"0.027","side":"buy","timestamp":"2018-02-08T05:20:48.590Z"},{"id":186784093,"price":"0.068529","quantity":"0.041","side":"sell","timestamp":"2018-02-08T05:20:46.330Z"},{"id":186784027,"price":"0.068542","quantity":"0.031","side":"buy","timestamp":"2018-02-08T05:20:41.911Z"},{"id":186784006,"price":"0.068530","quantity":"2.910","side":"sell","timestamp":"2018-02-08T05:20:39.740Z"},{"id":186784005,"price":"0.068530","quantity":"8.729","side":"sell","timestamp":"2018-02-08T05:20:39.740Z"}]