# GET https://api.gemini.com/v1/trades/btcusd
[{"timestamp":1518067467,"timestampms":1518067467981,"tid":2987079315,"price":"8087.00","amount":"0.00004","exchange":"gemini","type":"buy"},{"timestamp":1518067465,"timestampms":1518067465961,"tid":2987079010,"price":"8087.00","amount":"1.7252","exchange":"gemini","type":"buy"},{"timestamp":1518067465,"timestampms":1518067465901,"tid":2987078996,"price":"8087.00","amount":"0.0382","exchange":"gemini","type":"buy"},{"timestamp":1518067465,"timestampms":1518067465811,"tid":2987078966,"price":"8087.00","amount":"2.2064","exchange":"gemini","type":"sell"},{"timestamp":1518067465,"timestampms":1518067465811,"tid":2987078964,"price":"8088.00","amount":"0.03016","exchange":"gemini","type":"sell"},{"timestamp":1518067465,"timestampms":1518067465811,"tid":2987078962,"price":"8097.74","amount":"0.5","exchange":"gemini","type":"sell"},{"timestamp":1518067461,"timestampms":1518067461650,"tid":2987078512,"price":"8116.33","amount":"0.0381516094","exchange":"gemini","type":"buy"},{"timestamp":1518067461,"timestampms":1518067461650,"tid":2987078510,"price":"8100.00","amount":"0.06134969","exchange":"gemini","type":"buy"},{"timestamp":1518067438,"timestampms":1518067438423,"tid":2987076251,"price":"8087.00","amount":"0.00008225","exchange":"gemini","type":"buy"},{"timestamp":1518067438,"timestampms":1518067438152,"tid":2987076219,"price":"8087.00","amount":"1.83719707","exchange":"gemini","type":"buy"},{"timestamp":1518067438,"timestampms":1518067438152,"tid":2987076217,"price":"8086.37","amount":"0.41840293","exchange":"gemini","type":"buy"},{"timestamp":1518067438,"timestampms":1518067438152,"tid":2987076215,"price":"8086.00","amount":"0.268","exchange":"gemini","type":"buy"},{"timestamp":1518067426,"timestampms":1518067426697,"tid":2987075434,"price":"8086.00","amount":"0.5","exchange":"gemini","type":"sell"},{"timestamp":1518067426,"timestampms":1518067426697,"tid":2987075432,"price":"8086.00","amount":"0.123","exchange":"gemini","type":"sell"},{"timestamp":1518067424,"timestampms":1518067424049,"tid":2987075259,"price":"8086.37","amount":"0.08159707","exchange":"gemini","type":"buy"},{"timestamp":1518067424,"timestampms":1518067424049,"tid":2987075257,"price":"8086.01","amount":"0.99740293","exchange":"gemini","type":"buy"},{"timestamp":1518067406,"timestampms":1518067406623,"tid":2987074375,"price":"8086.01","amount":"0.00259707","exchange":"gemini","type":"buy"},{"timestamp":1518067389,"timestampms":1518067389467,"tid":2987073462,"price":"8086.17","amount":"0.03791753","exchange":"gemini","type":"sell"},{"timestamp":1518067330,"timestampms":1518067330551,"tid":2987068328,"price":"8099.23","amount":"0.00006426","exchange":"gemini","type":"sell"},{"timestamp":1518067330,"timestampms":1518067330491,"tid":2987068317,"price":"8099.23","amount":"0.0002","exchange":"gemini","type":"sell"},{"timestamp":1518067330,"timestampms":1518067330215,"tid":2987068283,"price":"8099.23","amount":"0.06132801","exchange":"gemini","type":"sell"},{"timestamp":1518067330,"timestampms":1518067330215,"tid":2987068281,"price":"8099.74","amount":"0.00017199","exchange":"gemini","type":"sell"},{"timestamp":1518067330,"timestampms":1518067330153,"tid":2987068261,"price":"8099.74","amount":"0.00229722","exchange":"gemini","type":"sell"},{"timestamp":1518067330,"timestampms":1518067330153,"tid":2987068259,"price":"8100.00","amount":"0.00010278","exchange":"gemini","type":"sell"},{"timestamp":1518067329,"timestampms":1518067329954,"tid":2987068245,"price":"8100.00","amount":"0.07026759","exchange":"gemini","type":"sell"},{"timestamp":1518067329,"timestampms":1518067329954,"tid":2987068243,"price":"8100.00","amount":"1","exchange":"gemini","type":"sell"},{"timestamp":1518067329,"timestampms":1518067329954,"tid":2987068241,"price":"8100.00","amount":"0.01","exchange":"gemini","type":"sell"},{"timestamp":1518067329,"timestampms":1518067329953,"tid":2987068239,"price":"8100.56","amount":"0.00003241","exchange":"gemini","type":"sell"},{"timestamp":1518067329,"timestampms":1518067329893,"tid":2987068231,"price":"8100.56","amount":"0.06096759","exchange":"gemini","type":"sell"},{"timestamp":1518067329,"timestampms":1518067329893,"tid":2987068229,"price":"8101.01","amount":"0.00003241","exchange":"gemini","type":"sell"},{"timestamp":1518067329,"timestampms":1518067329845,"tid":2987068221,"price":"8101.01","amount":"0.037","exchange":"gemini","type":"sell"},{"timestamp":1518067326,"timestampms":1518067326749,"tid":2987068098,"price":"8109.33","amount":"0.06747961","exchange":"gemini","type":"buy"},{"timestamp":1518067307,"timestampms":1518067307401,"tid":2987065948,"price":"8106.61","amount":"0.00003368","exchange":"gemini","type":"sell"},{"timestamp":1518067307,"timestampms":1518067307105,"tid":2987065910,"price":"8106.61","amount":"3.5481","exchange":"gemini","type":"sell"},{"timestamp":1518067306,"timestampms":1518067306634,"tid":2987065813,"price":"8109.33","amount":"0.06136663","exchange":"gemini","type":"buy"},{"timestamp":1518067298,"timestampms":1518067298305,"tid":2987064840,"price":"8106.61","amount":"1","exchange":"gemini","type":"sell"},{"timestamp":1518067293,"timestampms":1518067293142,"tid":2987064489,"price":"8109.34","amount":"0.00912528","exchange":"gemini","type":"buy"},{"timestamp":1518067286,"timestampms":1518067286278,"tid":2987063384,"price":"8106.61","amount":"1","exchange":"gemini","type":"sell"},{"timestamp":1518067285,"timestampms":1518067285733,"tid":2987063362,"price":"8106.61","amount":"1","exchange":"gemini","type":"sell"},{"timestamp":1518067269,"timestampms":1518067269772,"tid":2987061736,"price":"8127.38","amount":"0.02583858","exchange":"gemini","type":"buy"},{"timestamp":1518067269,"timestampms":1518067269235,"tid":2987061712,"price":"8127.38","amount":"0.06498006","exchange":"gemini","type":"buy"},{"timestamp":1518067260,"timestampms":1518067260907,"tid":2987060737,"price":"8106.61","amount":"0.23645321","exchange":"gemini","type":"sell"},{"timestamp":1518067260,"timestampms":1518067260907,"tid":2987060735,"price":"8120.00","amount":"0.76354679","exchange":"gemini","type":"sell"},{"timestamp":1518067258,"timestampms":1518067258572,"tid":2987060497,"price":"8127.38","amount":"0.00109341","exchange":"gemini","type":"buy"},{"timestamp":1518067258,"timestampms":1518067258386,"tid":2987060471,"price":"8127.38","amount":"0.06139202","exchange":"gemini","type":"buy"},{"timestamp":1518067246,"timestampms":1518067246100,"tid":2987059564,"price":"8106.62","amount":"0.5","exchange":"gemini","type":"sell"},{"timestamp":1518067246,"timestampms":1518067246100,"tid":2987059562,"price":"8123.47","amount":"0.5","exchange":"gemini","type":"sell"},{"timestamp":1518067183,"timestampms":1518067183544,"tid":2987054086,"price":"8144.38","amount":"0.00147744","exchange":"gemini","type":"sell"},{"timestamp":1518067183,"timestampms":1518067183142,"tid":2987054058,"price":"8144.38","amount":"0.02299937","exchange":"gemini","type":"sell"},{"timestamp":1518067177,"timestampms":1518067177343,"tid":2987053564,"price":"8144.38","amount":"0.00008","exchange":"gemini","type":"buy"}]