# GET https://api.bitfinex.com/v1/trades/BTCUSD
[{"timestamp":1518067465,"tid":190924885,"price":"8114.0","amount":"0.2103","exchange":"bitfinex","type":"buy"},{"timestamp":1518067462,"tid":190924874,"price":"8114.0","amount":"0.56279036","exchange":"bitfinex","type":"buy"},{"timestamp":1518067462,"tid":190924873,"price":"8114.4","amount":"0.00476973","exchange":"bitfinex","type":"sell"},{"timestamp":1518067462,"tid":190924872,"price":"8115.0","amount":"0.004","exchange":"bitfinex","type":"sell"},{"timestamp":1518067462,"tid":190924871,"price":"8115.0","amount":"0.1719635","exchange":"bitfinex","type":"sell"},{"timestamp":1518067462,"tid":190924870,"price":"8115.1","amount":"0.01","exchange":"bitfinex","type":"sell"},{"timestamp":1518067462,"tid":190924869,"price":"8115.2","amount":"1.15","exchange":"bitfinex","type":"sell"},{"timestamp":1518067462,"tid":190924868,"price":"8116.0","amount":"0.015","exchange":"bitfinex","type":"sell"},{"timestamp":1518067460,"tid":190924852,"price":"8116.04086354","amount":"0.1","exchange":"bitfinex","type":"buy"},{"timestamp":1518067459,"tid":190924846,"price":"8116.04086354","amount":"0.1","exchange":"bitfinex","type":"buy"},{"timestamp":1518067459,"tid":190924839,"price":"8115.0","amount":"0.80453651","exchange":"bitfinex","type":"sell"},{"timestamp":1518067459,"tid":190924835,"price":"8115.0","amount":"0.26782873","exchange":"bitfinex","type":"buy"},{"timestamp":1518067459,"tid":190924828,"price":"8115.0","amount":"0.1","exchange":"bitfinex","type":"buy"},{"timestamp":1518067449,"tid":190924811,"price":"8112.36123189","amount":"0.190004","exchange":"bitfinex","type":"buy"},{"timestamp":1518067449,"tid":190924809,"price":"8112.3","amount":"0.009996","exchange":"bitfinex","type":"buy"},{"timestamp":1518067448,"tid":190924808,"price":"8112.36123189","amount":"0.6","exchange":"bitfinex","type":"buy"},{"timestamp":1518067448,"tid":190924806,"price":"8112.6","amount":"0.0062203","exchange":"bitfinex","type":"buy"},{"timestamp":1518067448,"tid":190924805,"price":"8112.5","amount":"0.0037797","exchange":"bitfinex","type":"buy"},{"timestamp":1518067446,"tid":190924803,"price":"8115.0","amount":"0.63217127","exchange":"bitfinex","type":"buy"},{"timestamp":1518067446,"tid":190924802,"price":"8114.9","amount":"0.01","exchange":"bitfinex","type":"buy"},{"timestamp":1518067446,"tid":190924801,"price":"8113.9","amount":"0.35782873","exchange":"bitfinex","type":"buy"},{"timestamp":1518067446,"tid":190924799,"price":"8113.9","amount":"0.09617127","exchange":"bitfinex","type":"buy"},{"timestamp":1518067446,"tid":190924798,"price":"8113.8","amount":"0.00768665","exchange":"bitfinex","type":"buy"},{"timestamp":1518067446,"tid":190924797,"price":"8112.6","amount":"0.01820408","exchange":"bitfinex","type":"buy"},{"timestamp":1518067446,"tid":190924796,"price":"8112.6","amount":"0.017938","exchange":"bitfinex","type":"buy"},{"timestamp":1518067446,"tid":190924793,"price":"8105.6","amount":"0.23846349","exchange":"bitfinex","type":"sell"},{"timestamp":1518067446,"tid":190924792,"price":"8105.6","amount":"0.07","exchange":"bitfinex","type":"sell"},{"timestamp":1518067446,"tid":190924791,"price":"8110.2","amount":"0.80453651","exchange":"bitfinex","type":"sell"},{"timestamp":1518067443,"tid":190924766,"price":"8110.2","amount":"0.2373","exchange":"bitfinex","type":"sell"},{"timestamp":1518067443,"tid":190924765,"price":"8112.2","amount":"0.0027","exchange":"bitfinex","type":"sell"},{"timestamp":1518067443,"tid":190924764,"price":"8112.5","amount":"0.01","exchange":"bitfinex","type":"sell"},{"timestamp":1518067443,"tid":190924763,"price":"8114.0","amount":"0.1","exchange":"bitfinex","type":"buy"},{"timestamp":1518067442,"tid":190924762,"price":"8110.0","amount":"0.00493655","exchange":"bitfinex","type":"sell"},{"timestamp":1518067442,"tid":190924761,"price":"8110.1","amount":"0.02","exchange":"bitfinex","type":"sell"},{"timestamp":1518067442,"tid":190924760,"price":"8110.1","amount":"0.50583035","exchange":"bitfinex","type":"sell"},{"timestamp":1518067442,"tid":190924759,"price":"8110.1","amount":"0.47157927","exchange":"bitfinex","type":"sell"},{"timestamp":1518067442,"tid":190924758,"price":"8110.1","amount":"0.3","exchange":"bitfinex","type":"sell"},{"timestamp":1518067442,"tid":190924757,"price":"8110.1","amount":"0.01","exchange":"bitfinex","type":"sell"},{"timestamp":1518067442,"tid":190924756,"price":"8110.5","amount":"0.17","exchange":"bitfinex","type":"sell"},{"timestamp":1518067442,"tid":190924755,"price":"8110.5","amount":"0.6","exchange":"bitfinex","type":"sell"},{"timestamp":1518067442,"tid":190924754,"price":"8110.5","amount":"1.0","exchange":"bitfinex","type":"sell"},{"timestamp":1518067442,"tid":190924753,"price":"8112.4","amount":"1.19719686","exchange":"bitfinex","type":"sell"},{"timestamp":1518067442,"tid":190924752,"price":"8113.3","amount":"0.05475697","exchange":"bitfinex","type":"sell"},{"timestamp":1518067442,"tid":190924750,"price":"8112.5","amount":"0.48864303","exchange":"bitfinex","type":"buy"},{"timestamp":1518067442,"tid":190924747,"price":"8112.4","amount":"0.17551488","exchange":"bitfinex","type":"buy"},{"timestamp":1518067442,"tid":190924746,"price":"8111.0","amount":"9.0","exchange":"bitfinex","type":"buy"},{"timestamp":1518067442,"tid":190924745,"price":"8110.6","amount":"0.003","exchange":"bitfinex","type":"buy"},{"timestamp":1518067442,"tid":190924744,"price":"8110.5","amount":"0.00278826","exchange":"bitfinex","type":"buy"},{"timestamp":1518067440,"tid":190924733,"price":"8109.9","amount":"0.31911096","exchange":"bitfinex","type":"sell"},{"timestamp":1518067440,"tid":190924729,"price":"8105.8","amount":"0.00004","exchange":"bitfinex","type":"buy"},{"timestamp":1518067439,"tid":190924727,"price":"8105.8","amount":"0.0548","exchange":"bitfinex","type":"buy"},{"timestamp":1518067439,"tid":190924726,"price":"8107.5","amount":"0.2","exchange":"bitfinex","type":"buy"},{"timestamp":1518067439,"tid":190924720,"price":"8105.1","amount":"0.05484","exchange":"bitfinex","type":"buy"},{"timestamp":1518067439,"tid":190924719,"price":"8105.0","amount":"0.9","exchange":"bitfinex","type":"buy"},{"timestamp":1518067439,"tid":190924718,"price":"8104.9","amount":"0.009998","exchange":"bitfinex","type":"buy"},{"timestamp":1518067439,"tid":190924717,"price":"8104.8","amount":"0.00557249","exchange":"bitfinex","type":"buy"},{"timestamp":1518067438,"tid":190924716,"price":"8101.3","amount":"0.003769","exchange":"bitfinex","type":"sell"},{"timestamp":1518067437,"tid":190924712,"price":"8101.1","amount":"0.1237","exchange":"bitfinex","type":"sell"},{"timestamp":1518067437,"tid":190924711,"price":"8101.1","amount":"0.01","exchange":"bitfinex","type":"sell"},{"timestamp":1518067437,"tid":190924704,"price":"8101.0","amount":"0.1","exchange":"bitfinex","type":"sell"},{"timestamp":1518067435,"tid":190924692,"price":"8100.0","amount":"0.05364","exchange":"bitfinex","type":"buy"},{"timestamp":1518067435,"tid":190924691,"price":"8100.0","amount":"0.01131695","exchange":"bitfinex","type":"buy"},{"timestamp":1518067435,"tid":190924690,"price":"8100.0","amount":"0.00252247","exchange":"bitfinex","type":"buy"},{"timestamp":1518067435,"tid":190924689,"price":"8100.0","amount":"0.15494163","exchange":"bitfinex","type":"buy"},{"timestamp":1518067434,"tid":190924688,"price":"8100.0","amount":"0.1","exchange":"bitfinex","type":"buy"},{"timestamp":1518067433,"tid":190924684,"price":"8100.0","amount":"0.41","exchange":"bitfinex","type":"buy"},{"timestamp":1518067431,"tid":190924681,"price":"8100.0","amount":"0.09235837","exchange":"bitfinex","type":"buy"},{"timestamp":1518067431,"tid":190924680,"price":"8099.1","amount":"0.00514285","exchange":"bitfinex","type":"buy"},{"timestamp":1518067431,"tid":190924679,"price":"8099.1","amount":"0.00249878","exchange":"bitfinex","type":"buy"},{"timestamp":1518067425,"tid":190924666,"price":"8096.6","amount":"0.05","exchange":"bitfinex","type":"sell"},{"timestamp":1518067424,"tid":190924664,"price":"8096.7","amount":"0.1","exchange":"bitfinex","type":"buy"},{"timestamp":1518067423,"tid":190924657,"price":"8097.0","amount":"0.08229088","exchange":"bitfinex","type":"buy"},{"timestamp":1518067423,"tid":190924656,"price":"8096.7","amount":"0.01770912","exchange":"bitfinex","type":"buy"},{"timestamp":1518067422,"tid":190924655,"price":"8096.7","amount":"0.066","exchange":"bitfinex","type":"buy"},{"timestamp":1518067422,"tid":190924654,"price":"8096.7","amount":"0.1","exchange":"bitfinex","type":"buy"},{"timestamp":1518067421,"tid":190924653,"price":"8096.7","amount":"1.0","exchange":"bitfinex","type":"buy"},{"timestamp":1518067421,"tid":190924651,"price":"8096.7","amount":"0.04400777","exchange":"bitfinex","type":"buy"},{"timestamp":1518067421,"tid":190924650,"price":"8096.6","amount":"0.00208223","exchange":"bitfinex","type":"buy"},{"timestamp":1518067421,"tid":190924649,"price":"8096.6","amount":"0.05391","exchange":"bitfinex","type":"buy"},{"timestamp":1518067419,"tid":190924639,"price":"8096.4","amount":"0.217088","exchange":"bitfinex","type":"sell"},{"timestamp":1518067417,"tid":190924621,"price":"8089.9","amount":"0.2994","exchange":"bitfinex","type":"sell"},{"timestamp":1518067416,"tid":190924617,"price":"8097.5","amount":"0.17202653","exchange":"bitfinex","type":"buy"},{"timestamp":1518067416,"tid":190924616,"price":"8096.9","amount":"0.004","exchange":"bitfinex","type":"buy"},{"timestamp":1518067416,"tid":190924615,"price":"8095.4","amount":"0.05591","exchange":"bitfinex","type":"buy"},{"timestamp":1518067416,"tid":190924614,"price":"8092.8","amount":"0.01967764","exchange":"bitfinex","type":"buy"},{"timestamp":1518067416,"tid":190924613,"price":"8090.0","amount":"0.13653406","exchange":"bitfinex","type":"buy"},{"timestamp":1518067416,"tid":190924612,"price":"8087.9","amount":"0.05659974","exchange":"bitfinex","type":"buy"},{"timestamp":1518067416,"tid":190924611,"price":"8087.7","amount":"0.4","exchange":"bitfinex","type":"buy"},{"timestamp":1518067416,"tid":190924610,"price":"8087.5","amount":"0.01032357","exchange":"bitfinex","type":"buy"},{"timestamp":1518067416,"tid":190924609,"price":"8087.5","amount":"0.02292846","exchange":"bitfinex","type":"buy"},{"timestamp":1518067412,"tid":190924602,"price":"8087.3","amount":"0.002994","exchange":"bitfinex","type":"sell"},{"timestamp":1518067409,"tid":190924598,"price":"8087.6","amount":"0.02318209","exchange":"bitfinex","type":"sell"},{"timestamp":1518067405,"tid":190924585,"price":"8087.3","amount":"0.00408165","exchange":"bitfinex","type":"sell"},{"timestamp":1518067399,"tid":190924571,"price":"8088.6","amount":"0.023","exchange":"bitfinex","type":"sell"},{"timestamp":1518067397,"tid":190924546,"price":"8089.3","amount":"0.01089556","exchange":"bitfinex","type":"buy"},{"timestamp":1518067396,"tid":190924540,"price":"8089.0","amount":"0.18187159","exchange":"bitfinex","type":"buy"},{"timestamp":1518067395,"tid":190924531,"price":"8087.7","amount":"1.33732473","exchange":"bitfinex","type":"sell"},{"timestamp":1518067395,"tid":190924530,"price":"8087.7","amount":"0.3","exchange":"bitfinex","type":"sell"},{"timestamp":1518067395,"tid":190924529,"price":"8087.8","amount":"0.3","exchange":"bitfinex","type":"sell"},{"timestamp":1518067395,"tid":190924528,"price":"8087.9","amount":"0.3","exchange":"bitfinex","type":"sell"}]