
[{"id":8555619,"price":"0.00096990","qty":"9.74000000","time":1517872040117,"isBuyerMaker":true,"isBestMatch":true},{"id":8555620,"price":"0.00097290","qty":"0.03000000","time":1517872043241,"isBuyerMaker":false,"isBestMatch":true},{"id":8555621,"price":"0.00097070","qty":"0.02000000","time":1517872051929,"isBuyerMaker":true,"isBestMatch":true},{"id":8555622,"price":"0.00097290","qty":"0.05000000","time":1517872052143,"isBuyerMaker":false,"isBestMatch":true},{"id":8555623,"price":"0.00097290","qty":"0.15000000","time":1517872053066,"isBuyerMaker":false,"isBestMatch":true},{"id":8555624,"price":"0.00097290","qty":"0.25000000","time":1517872054423,"isBuyerMaker":false,"isBestMatch":true},{"id":8555625,"price":"0.00097100","qty":"1.60000000","time":1517872056129,"isBuyerMaker":true,"isBestMatch":true},{"id":8555626,"price":"0.00097250","qty":"0.01000000","time":1517872058941,"isBuyerMaker":false,"isBestMatch":true},{"id":8555627,"price":"0.00097250","qty":"0.01000000","time":1517872059454,"isBuyerMaker":false,"isBestMatch":true},{"id":8555628,"price":"0.00097200","qty":"0.01000000","time":1517872059962,"isBuyerMaker":false,"isBestMatch":true},{"id":8555629,"price":"0.00097200","qty":"3.00000000","time":1517872060156,"isBuyerMaker":false,"isBestMatch":true},{"id":8555630,"price":"0.00097200","qty":"0.01000000","time":1517872060453,"isBuyerMaker":false,"isBestMatch":true},{"id":8555631,"price":"0.00097200","qty":"9.10000000","time":1517872062230,"isBuyerMaker":false,"isBestMatch":true},{"id":8555632,"price":"0.00097200","qty":"0.01000000","time":1517872064197,"isBuyerMaker":false,"isBestMatch":true},{"id":8555633,"price":"0.00097250","qty":"0.03000000","time":1517872064197,"isBuyerMaker":false,"isBestMatch":true},{"id":8555634,"price":"0.00097250","qty":"16.53000000","time":1517872070145,"isBuyerMaker":false,"isBestMatch":true},{"id":8555635,"price":"0.00097250","qty":"16.21000000","time":1517872070157,"isBuyerMaker":false,"isBestMatch":true},{"id":8555636,"price":"0.00097290","qty":"9.13000000","time":1517872070179,"isBuyerMaker":false,"isBestMatch":true},{"id":8555637,"price":"0.00097300","qty":"5.08000000","time":1517872070256,"isBuyerMaker":false,"isBestMatch":true},{"id":8555638,"price":"0.00097300","qty":"6.17000000","time":1517872070256,"isBuyerMaker":false,"isBestMatch":true},{"id":8555639,"price":"0.00097300","qty":"1.08000000","time":1517872070256,"isBuyerMaker":false,"isBestMatch":true},{"id":8555640,"price":"0.00097350","qty":"7.34000000","time":1517872070256,"isBuyerMaker":false,"isBestMatch":true},{"id":8555641,"price":"0.00097130","qty":"2.27000000","time":1517872071122,"isBuyerMaker":true,"isBestMatch":true},{"id":8555642,"price":"0.00097150","qty":"23.67000000","time":1517872072879,"isBuyerMaker":true,"isBestMatch":true},{"id":8555643,"price":"0.00097150","qty":"3.52000000","time":1517872073214,"isBuyerMaker":true,"isBestMatch":true},{"id":8555644,"price":"0.00097150","qty":"4.17000000","time":1517872073463,"isBuyerMaker":true,"isBestMatch":true},{"id":8555645,"price":"0.00097340","qty":"2.20000000","time":1517872075055,"isBuyerMaker":false,"isBestMatch":true},{"id":8555646,"price":"0.00097340","qty":"2.80000000","time":1517872075055,"isBuyerMaker":false,"isBestMatch":true},{"id":8555647,"price":"0.00097320","qty":"0.01000000","time":1517872080925,"isBuyerMaker":false,"isBestMatch":true},{"id":8555648,"price":"0.00097310","qty":"0.01000000","time":1517872084552,"isBuyerMaker":false,"isBestMatch":true},{"id":8555649,"price":"0.00097310","qty":"0.01000000","time":1517872084950,"isBuyerMaker":false,"isBestMatch":true},{"id":8555650,"price":"0.00097120","qty":"49.00000000","time":1517872085191,"isBuyerMaker":true,"isBestMatch":true},{"id":8555651,"price":"0.00097110","qty":"17.00000000","time":1517872085191,"isBuyerMaker":true,"isBestMatch":true},{"id":8555652,"price":"0.00097040","qty":"10.00000000","time":1517872085191,"isBuyerMaker":true,"isBestMatch":true},{"id":8555653,"price":"0.00097000","qty":"1.13000000","time":1517872085191,"isBuyerMaker":true,"isBestMatch":true},{"id":8555654,"price":"0.00096970","qty":"10.00000000","time":1517872085191,"isBuyerMaker":true,"isBestMatch":true},{"id":8555655,"price":"0.00096950","qty":"2.87000000","time":1517872085191,"isBuyerMaker":true,"isBestMatch":true},{"id":8555656,"price":"0.00097300","qty":"3.27000000","time":1517872086766,"isBuyerMaker":false,"isBestMatch":true},{"id":8555657,"price":"0.00097290","qty":"2.00000000","time":1517872090149,"isBuyerMaker":false,"isBestMatch":true},{"id":8555658,"price":"0.00097020","qty":"0.05000000","time":1517872091153,"isBuyerMaker":true,"isBestMatch":true},{"id":8555659,"price":"0.00097020","qty":"10.42000000","time":1517872091173,"isBuyerMaker":true,"isBestMatch":true},{"id":8555660,"price":"0.00097290","qty":"0.29000000","time":1517872092082,"isBuyerMaker":false,"isBestMatch":true},{"id":8555661,"price":"0.00097290","qty":"0.01000000","time":1517872095475,"isBuyerMaker":false,"isBestMatch":true},{"id":8555662,"price":"0.00097290","qty":"0.01000000","time":1517872095978,"isBuyerMaker":false,"isBestMatch":true},{"id":8555663,"price":"0.00097290","qty":"0.01000000","time":1517872096570,"isBuyerMaker":false,"isBestMatch":true},{"id":8555664,"price":"0.00097290","qty":"0.01000000","time":1517872096990,"isBuyerMaker":false,"isBestMatch":true},{"id":8555665,"price":"0.00097290","qty":"0.01000000","time":1517872097490,"isBuyerMaker":false,"isBestMatch":true},{"id":8555666,"price":"0.00097290","qty":"2.10000000","time":1517872098476,"isBuyerMaker":false,"isBestMatch":true},{"id":8555667,"price":"0.00097290","qty":"0.08000000","time":1517872098546,"isBuyerMaker":false,"isBestMatch":true},{"id":8555668,"price":"0.00097270","qty":"0.01000000","time":1517872107630,"isBuyerMaker":false,"isBestMatch":true},{"id":8555669,"price":"0.00097270","qty":"0.01000000","time":1517872108021,"isBuyerMaker":false,"isBestMatch":true},{"id":8555670,"price":"0.00097260","qty":"0.01000000","time":1517872108531,"isBuyerMaker":false,"isBestMatch":true},{"id":8555671,"price":"0.00097050","qty":"1.20000000","time":1517872108696,"isBuyerMaker":true,"isBestMatch":true},{"id":8555672,"price":"0.00097050","qty":"2.20000000","time":1517872108696,"isBuyerMaker":true,"isBestMatch":true},{"id":8555673,"price":"0.00097050","qty":"8.79000000","time":1517872113494,"isBuyerMaker":true,"isBestMatch":true},{"id":8555674,"price":"0.00097140","qty":"0.01000000","time":1517872116556,"isBuyerMaker":false,"isBestMatch":true},{"id":8555675,"price":"0.00097140","qty":"5.88000000","time":1517872116788,"isBuyerMaker":false,"isBestMatch":true},{"id":8555676,"price":"0.00097140","qty":"0.01000000","time":1517872117050,"isBuyerMaker":false,"isBestMatch":true},{"id":8555677,"price":"0.00097150","qty":"0.01000000","time":1517872117557,"isBuyerMaker":false,"isBestMatch":true},{"id":8555678,"price":"0.00097150","qty":"0.12000000","time":1517872117901,"isBuyerMaker":false,"isBestMatch":true},{"id":8555679,"price":"0.00097150","qty":"0.01000000","time":1517872118069,"isBuyerMaker":false,"isBestMatch":true},{"id":8555680,"price":"0.00097150","qty":"8.86000000","time":1517872118595,"isBuyerMaker":false,"isBestMatch":true},{"id":8555681,"price":"0.00097150","qty":"8.99000000","time":1517872118595,"isBuyerMaker":false,"isBestMatch":true},{"id":8555682,"price":"0.00097150","qty":"0.01000000","time":1517872118845,"isBuyerMaker":false,"isBestMatch":true},{"id":8555683,"price":"0.00097250","qty":"4.99000000","time":1517872118845,"isBuyerMaker":false,"isBestMatch":true},{"id":8555684,"price":"0.00097250","qty":"11.13000000","time":1517872119362,"isBuyerMaker":false,"isBestMatch":true},{"id":8555685,"price":"0.00097260","qty":"1.87000000","time":1517872119591,"isBuyerMaker":false,"isBestMatch":true},{"id":8555686,"price":"0.00097150","qty":"55.00000000","time":1517872120023,"isBuyerMaker":true,"isBestMatch":true},{"id":8555687,"price":"0.00097050","qty":"29.09000000","time":1517872120023,"isBuyerMaker":true,"isBestMatch":true},{"id":8555688,"price":"0.00097260","qty":"9.16000000","time":1517872120298,"isBuyerMaker":false,"isBestMatch":true},{"id":8555689,"price":"0.00097260","qty":"0.01000000","time":1517872120418,"isBuyerMaker":false,"isBestMatch":true},{"id":8555690,"price":"0.00097350","qty":"0.11000000","time":1517872120418,"isBuyerMaker":false,"isBestMatch":true},{"id":8555691,"price":"0.00097350","qty":"1.66000000","time":1517872120559,"isBuyerMaker":false,"isBestMatch":true},{"id":8555692,"price":"0.00097350","qty":"1.19000000","time":1517872120559,"isBuyerMaker":false,"isBestMatch":true},{"id":8555693,"price":"0.00097350","qty":"0.01000000","time":1517872120800,"isBuyerMaker":false,"isBestMatch":true},{"id":8555694,"price":"0.00097350","qty":"6.15000000","time":1517872120800,"isBuyerMaker":false,"isBestMatch":true},{"id":8555695,"price":"0.00097350","qty":"0.01000000","time":1517872122584,"isBuyerMaker":false,"isBestMatch":true},{"id":8555696,"price":"0.00097060","qty":"0.47000000","time":1517872122872,"isBuyerMaker":true,"isBestMatch":true},{"id":8555697,"price":"0.00097350","qty":"0.01000000","time":1517872123172,"isBuyerMaker":false,"isBestMatch":true},{"id":8555698,"price":"0.00097350","qty":"6.15000000","time":1517872123527,"isBuyerMaker":false,"isBestMatch":true},{"id":8555699,"price":"0.00097350","qty":"5.13000000","time":1517872123527,"isBuyerMaker":false,"isBestMatch":true},{"id":8555700,"price":"0.00097390","qty":"0.01000000","time":1517872123572,"isBuyerMaker":false,"isBestMatch":true},{"id":8555701,"price":"0.00097390","qty":"5.71000000","time":1517872123658,"isBuyerMaker":false,"isBestMatch":true},{"id":8555702,"price":"0.00097390","qty":"0.20000000","time":1517872125751,"isBuyerMaker":false,"isBestMatch":true},{"id":8555703,"price":"0.00097180","qty":"1.15000000","time":1517872126834,"isBuyerMaker":true,"isBestMatch":true},{"id":8555704,"price":"0.00097210","qty":"59.64000000","time":1517872129087,"isBuyerMaker":true,"isBestMatch":true},{"id":8555705,"price":"0.00097210","qty":"0.02000000","time":1517872129149,"isBuyerMaker":true,"isBestMatch":true},{"id":8555706,"price":"0.00097200","qty":"1.11000000","time":1517872129149,"isBuyerMaker":true,"isBestMatch":true},{"id":8555707,"price":"0.00097390","qty":"4.11000000","time":1517872130922,"isBuyerMaker":false,"isBestMatch":true},{"id":8555708,"price":"0.00097290","qty":"4.98000000","time":1517872131153,"isBuyerMaker":true,"isBestMatch":true},{"id":8555709,"price":"0.00097290","qty":"0.02000000","time":1517872131161,"isBuyerMaker":true,"isBestMatch":true},{"id":8555710,"price":"0.00097200","qty":"4.96000000","time":1517872131161,"isBuyerMaker":true,"isBestMatch":true},{"id":8555711,"price":"0.00097390","qty":"5.00000000","time":1517872135197,"isBuyerMaker":false,"isBestMatch":true},{"id":8555712,"price":"0.00097390","qty":"0.13000000","time":1517872139040,"isBuyerMaker":false,"isBestMatch":true},{"id":8555713,"price":"0.00097400","qty":"2.58000000","time":1517872139040,"isBuyerMaker":false,"isBestMatch":true},{"id":8555714,"price":"0.00097400","qty":"1.52000000","time":1517872139114,"isBuyerMaker":false,"isBestMatch":true},{"id":8555715,"price":"0.00097200","qty":"1.63000000","time":1517872142246,"isBuyerMaker":true,"isBestMatch":true},{"id":8555716,"price":"0.00097200","qty":"22.95000000","time":1517872142246,"isBuyerMaker":true,"isBestMatch":true},{"id":8555717,"price":"0.00097200","qty":"26.11000000","time":1517872142246,"isBuyerMaker":true,"isBestMatch":true},{"id":8555718,"price":"0.00097160","qty":"12.10000000","time":1517872143593,"isBuyerMaker":true,"isBestMatch":true},{"id":8555719,"price":"0.00097160","qty":"0.90000000","time":1517872143607,"isBuyerMaker":true,"isBestMatch":true},{"id":8555720,"price":"0.00097160","qty":"8.00000000","time":1517872143607,"isBuyerMaker":true,"isBestMatch":true},{"id":8555721,"price":"0.00097110","qty":"3.20000000","time":1517872143607,"isBuyerMaker":true,"isBestMatch":true},{"id":8555722,"price":"0.00097110","qty":"12.06000000","time":1517872144144,"isBuyerMaker":true,"isBestMatch":true},{"id":8555723,"price":"0.00097200","qty":"0.07000000","time":1517872145033,"isBuyerMaker":false,"isBestMatch":true},{"id":8555724,"price":"0.00097260","qty":"12.00000000","time":1517872145033,"isBuyerMaker":false,"isBestMatch":true},{"id":8555725,"price":"0.00097260","qty":"11.93000000","time":1517872145033,"isBuyerMaker":false,"isBestMatch":true},{"id":8555726,"price":"0.00097260","qty":"0.07000000","time":1517872145149,"isBuyerMaker":false,"isBestMatch":true},{"id":8555727,"price":"0.00097390","qty":"0.01000000","time":1517872145247,"isBuyerMaker":false,"isBestMatch":true},{"id":8555728,"price":"0.00097390","qty":"10.51000000","time":1517872145317,"isBuyerMaker":false,"isBestMatch":true},{"id":8555729,"price":"0.00097400","qty":"13.66000000","time":1517872145317,"isBuyerMaker":false,"isBestMatch":true},{"id":8555730,"price":"0.00097400","qty":"5.24000000","time":1517872145319,"isBuyerMaker":false,"isBestMatch":true},{"id":8555731,"price":"0.00097420","qty":"5.18000000","time":1517872145319,"isBuyerMaker":false,"isBestMatch":true},{"id":8555732,"price":"0.00097420","qty":"6.20000000","time":1517872145319,"isBuyerMaker":false,"isBestMatch":true},{"id":8555733,"price":"0.00097450","qty":"7.44000000","time":1517872145319,"isBuyerMaker":false,"isBestMatch":true},{"id":8555734,"price":"0.00097450","qty":"5.42000000","time":1517872145337,"isBuyerMaker":false,"isBestMatch":true},{"id":8555735,"price":"0.00097500","qty":"1.10000000","time":1517872145337,"isBuyerMaker":false,"isBestMatch":true},{"id":8555736,"price":"0.00097640","qty":"3.00000000","time":1517872145337,"isBuyerMaker":false,"isBestMatch":true},{"id":8555737,"price":"0.00097690","qty":"14.65000000","time":1517872145337,"isBuyerMaker":false,"isBestMatch":true},{"id":8555738,"price":"0.00097690","qty":"0.02000000","time":1517872145400,"isBuyerMaker":false,"isBestMatch":true},{"id":8555739,"price":"0.00097690","qty":"0.06000000","time":1517872145412,"isBuyerMaker":false,"isBestMatch":true},{"id":8555740,"price":"0.00097670","qty":"0.01000000","time":1517872148733,"isBuyerMaker":false,"isBestMatch":true},{"id":8555741,"price":"0.00097640","qty":"0.01000000","time":1517872149756,"isBuyerMaker":false,"isBestMatch":true},{"id":8555742,"price":"0.00097630","qty":"0.01000000","time":1517872150251,"isBuyerMaker":false,"isBestMatch":true},{"id":8555743,"price":"0.00097590","qty":"49.00000000","time":1517872153744,"isBuyerMaker":false,"isBestMatch":true},{"id":8555744,"price":"0.00097600","qty":"7.00000000","time":1517872153744,"isBuyerMaker":false,"isBestMatch":true},{"id":8555745,"price":"0.00097380","qty":"5.00000000","time":1517872165374,"isBuyerMaker":false,"isBestMatch":true},{"id":8555746,"price":"0.00097380","qty":"12.00000000","time":1517872165374,"isBuyerMaker":false,"isBestMatch":true},{"id":8555747,"price":"0.00097380","qty":"44.20000000","time":1517872165374,"isBuyerMaker":false,"isBestMatch":true},{"id":8555748,"price":"0.00097390","qty":"32.56000000","time":1517872165466,"isBuyerMaker":false,"isBestMatch":true},{"id":8555749,"price":"0.00097390","qty":"343.35000000","time":1517872165534,"isBuyerMaker":false,"isBestMatch":true},{"id":8555750,"price":"0.00097390","qty":"17.22000000","time":1517872166261,"isBuyerMaker":false,"isBestMatch":true},{"id":8555751,"price":"0.00097270","qty":"8.00000000","time":1517872167075,"isBuyerMaker":true,"isBestMatch":true},{"id":8555752,"price":"0.00097270","qty":"1.91000000","time":1517872167089,"isBuyerMaker":true,"isBestMatch":true},{"id":8555753,"price":"0.00097260","qty":"7.09000000","time":1517872167089,"isBuyerMaker":true,"isBestMatch":true},{"id":8555754,"price":"0.00097260","qty":"8.00000000","time":1517872167105,"isBuyerMaker":true,"isBestMatch":true},{"id":8555755,"price":"0.00097270","qty":"0.02000000","time":1517872167336,"isBuyerMaker":false,"isBestMatch":true},{"id":8555756,"price":"0.00097260","qty":"8.91000000","time":1517872167853,"isBuyerMaker":true,"isBestMatch":true},{"id":8555757,"price":"0.00097110","qty":"1.37000000","time":1517872167853,"isBuyerMaker":true,"isBestMatch":true},{"id":8555758,"price":"0.00097250","qty":"4.00000000","time":1517872168219,"isBuyerMaker":false,"isBestMatch":true},{"id":8555759,"price":"0.00097120","qty":"3.90000000","time":1517872171210,"isBuyerMaker":true,"isBestMatch":true},{"id":8555760,"price":"0.00097120","qty":"3.79000000","time":1517872172905,"isBuyerMaker":true,"isBestMatch":true},{"id":8555761,"price":"0.00097170","qty":"2.00000000","time":1517872173333,"isBuyerMaker":true,"isBestMatch":true},{"id":8555762,"price":"0.00097120","qty":"0.01000000","time":1517872173333,"isBuyerMaker":true,"isBestMatch":true},{"id":8555763,"price":"0.00097110","qty":"9.83000000","time":1517872173333,"isBuyerMaker":true,"isBestMatch":true},{"id":8555764,"price":"0.00097250","qty":"2.22000000","time":1517872174519,"isBuyerMaker":false,"isBestMatch":true},{"id":8555765,"price":"0.00097110","qty":"14.65000000","time":1517872174883,"isBuyerMaker":true,"isBestMatch":true},{"id":8555766,"price":"0.00097110","qty":"6.17000000","time":1517872174883,"isBuyerMaker":true,"isBestMatch":true},{"id":8555767,"price":"0.00097110","qty":"15.00000000","time":1517872174883,"isBuyerMaker":true,"isBestMatch":true},{"id":8555768,"price":"0.00097060","qty":"9.00000000","time":1517872175164,"isBuyerMaker":true,"isBestMatch":true},{"id":8555769,"price":"0.00097060","qty":"2.21000000","time":1517872175164,"isBuyerMaker":true,"isBestMatch":true},{"id":8555770,"price":"0.00097060","qty":"6.79000000","time":1517872175224,"isBuyerMaker":true,"isBestMatch":true},{"id":8555771,"price":"0.00097050","qty":"3.46000000","time":1517872177578,"isBuyerMaker":true,"isBestMatch":true},{"id":8555772,"price":"0.00097110","qty":"0.01000000","time":1517872178834,"isBuyerMaker":false,"isBestMatch":true},{"id":8555773,"price":"0.00097050","qty":"29.75000000","time":1517872180500,"isBuyerMaker":true,"isBestMatch":true},{"id":8555774,"price":"0.00097050","qty":"0.25000000","time":1517872180500,"isBuyerMaker":true,"isBestMatch":true},{"id":8555775,"price":"0.00097100","qty":"6.83000000","time":1517872180624,"isBuyerMaker":false,"isBestMatch":true},{"id":8555776,"price":"0.00097050","qty":"0.95000000","time":1517872181388,"isBuyerMaker":true,"isBestMatch":true},{"id":8555777,"price":"0.00097020","qty":"6.17000000","time":1517872181388,"isBuyerMaker":true,"isBestMatch":true},{"id":8555778,"price":"0.00096950","qty":"7.44000000","time":1517872181388,"isBuyerMaker":true,"isBestMatch":true},{"id":8555779,"price":"0.00096820","qty":"6.19000000","time":1517872181498,"isBuyerMaker":true,"isBestMatch":true},{"id":8555780,"price":"0.00096800","qty":"8.40000000","time":1517872181498,"isBuyerMaker":true,"isBestMatch":true},{"id":8555781,"price":"0.00096950","qty":"0.30000000","time":1517872181694,"isBuyerMaker":false,"isBestMatch":true},{"id":8555782,"price":"0.00096800","qty":"1.60000000","time":1517872181785,"isBuyerMaker":true,"isBestMatch":true},{"id":8555783,"price":"0.00096950","qty":"0.01000000","time":1517872181845,"isBuyerMaker":false,"isBestMatch":true},{"id":8555784,"price":"0.00096950","qty":"0.13000000","time":1517872183388,"isBuyerMaker":false,"isBestMatch":true},{"id":8555785,"price":"0.00097100","qty":"3.87000000","time":1517872183388,"isBuyerMaker":false,"isBestMatch":true},{"id":8555786,"price":"0.00097100","qty":"0.01000000","time":1517872184351,"isBuyerMaker":false,"isBestMatch":true},{"id":8555787,"price":"0.00097080","qty":"0.01000000","time":1517872185849,"isBuyerMaker":false,"isBestMatch":true},{"id":8555788,"price":"0.00097070","qty":"25.49000000","time":1517872189056,"isBuyerMaker":false,"isBestMatch":true},{"id":8555789,"price":"0.00097110","qty":"0.02000000","time":1517872193039,"isBuyerMaker":false,"isBestMatch":true},{"id":8555790,"price":"0.00097110","qty":"0.15000000","time":1517872195324,"isBuyerMaker":false,"isBestMatch":true},{"id":8555791,"price":"0.00097110","qty":"4.83000000","time":1517872195811,"isBuyerMaker":true,"isBestMatch":true},{"id":8555792,"price":"0.00097110","qty":"0.02000000","time":1517872195824,"isBuyerMaker":true,"isBestMatch":true},{"id":8555793,"price":"0.00097240","qty":"3.13000000","time":1517872197912,"isBuyerMaker":false,"isBestMatch":true},{"id":8555794,"price":"0.00097240","qty":"1.99000000","time":1517872199017,"isBuyerMaker":false,"isBestMatch":true},{"id":8555795,"price":"0.00097210","qty":"27.71000000","time":1517872202192,"isBuyerMaker":false,"isBestMatch":true},{"id":8555796,"price":"0.00097200","qty":"1.03000000","time":1517872204493,"isBuyerMaker":false,"isBestMatch":true},{"id":8555797,"price":"0.00097020","qty":"4.00000000","time":1517872205485,"isBuyerMaker":true,"isBestMatch":true},{"id":8555798,"price":"0.00097110","qty":"140.01000000","time":1517872208578,"isBuyerMaker":false,"isBestMatch":true},{"id":8555799,"price":"0.00097200","qty":"64.78000000","time":1517872208592,"isBuyerMaker":false,"isBestMatch":true},{"id":8555800,"price":"0.00097200","qty":"1.03000000","time":1517872208592,"isBuyerMaker":false,"isBestMatch":true},{"id":8555801,"price":"0.00097200","qty":"171.84000000","time":1517872208609,"isBuyerMaker":false,"isBestMatch":true},{"id":8555802,"price":"0.00097210","qty":"55.82000000","time":1517872210557,"isBuyerMaker":false,"isBestMatch":true},{"id":8555803,"price":"0.00097210","qty":"3.95000000","time":1517872210557,"isBuyerMaker":false,"isBestMatch":true},{"id":8555804,"price":"0.00097240","qty":"4.50000000","time":1517872210557,"isBuyerMaker":false,"isBestMatch":true},{"id":8555805,"price":"0.00097250","qty":"7.54000000","time":1517872210557,"isBuyerMaker":false,"isBestMatch":true},{"id":8555806,"price":"0.00097270","qty":"7.98000000","time":1517872210557,"isBuyerMaker":false,"isBestMatch":true},{"id":8555807,"price":"0.00097350","qty":"26.38000000","time":1517872210557,"isBuyerMaker":false,"isBestMatch":true},{"id":8555808,"price":"0.00097350","qty":"1.19000000","time":1517872210557,"isBuyerMaker":false,"isBestMatch":true},{"id":8555809,"price":"0.00097380","qty":"29.60000000","time":1517872210557,"isBuyerMaker":false,"isBestMatch":true},{"id":8555810,"price":"0.00097250","qty":"5.95000000","time":1517872222121,"isBuyerMaker":false,"isBestMatch":true},{"id":8555811,"price":"0.00097250","qty":"24.05000000","time":1517872224749,"isBuyerMaker":false,"isBestMatch":true},{"id":8555812,"price":"0.00097350","qty":"6.16000000","time":1517872224749,"isBuyerMaker":false,"isBestMatch":true},{"id":8555813,"price":"0.00097380","qty":"6.16000000","time":1517872224749,"isBuyerMaker":false,"isBestMatch":true},{"id":8555814,"price":"0.00097380","qty":"2.39000000","time":1517872224749,"isBuyerMaker":false,"isBestMatch":true},{"id":8555815,"price":"0.00097390","qty":"29.79000000","time":1517872224749,"isBuyerMaker":false,"isBestMatch":true},{"id":8555816,"price":"0.00097390","qty":"2.07000000","time":1517872225636,"isBuyerMaker":false,"isBestMatch":true},{"id":8555817,"price":"0.00097140","qty":"35.26000000","time":1517872227137,"isBuyerMaker":true,"isBestMatch":true},{"id":8555818,"price":"0.00097150","qty":"7.70000000","time":1517872229697,"isBuyerMaker":true,"isBestMatch":true},{"id":8555819,"price":"0.00097130","qty":"20.30000000","time":1517872229697,"isBuyerMaker":true,"isBestMatch":true},{"id":8555820,"price":"0.00097380","qty":"4.49000000","time":1517872230121,"isBuyerMaker":false,"isBestMatch":true},{"id":8555821,"price":"0.00097380","qty":"16.45000000","time":1517872230121,"isBuyerMaker":false,"isBestMatch":true},{"id":8555822,"price":"0.00097380","qty":"1.20000000","time":1517872230707,"isBuyerMaker":false,"isBestMatch":true},{"id":8555823,"price":"0.00097130","qty":"0.26000000","time":1517872231573,"isBuyerMaker":true,"isBestMatch":true},{"id":8555824,"price":"0.00097320","qty":"20.42000000","time":1517872238598,"isBuyerMaker":false,"isBestMatch":true},{"id":8555825,"price":"0.00097320","qty":"5.13000000","time":1517872238598,"isBuyerMaker":false,"isBestMatch":true},{"id":8555826,"price":"0.00097320","qty":"5.14000000","time":1517872238598,"isBuyerMaker":false,"isBestMatch":true},{"id":8555827,"price":"0.00097330","qty":"3.61000000","time":1517872238598,"isBuyerMaker":false,"isBestMatch":true},{"id":8555828,"price":"0.00097310","qty":"10.00000000","time":1517872245820,"isBuyerMaker":false,"isBestMatch":true},{"id":8555829,"price":"0.00097110","qty":"3.00000000","time":1517872247488,"isBuyerMaker":true,"isBestMatch":true},{"id":8555830,"price":"0.00097320","qty":"4.49000000","time":1517872248521,"isBuyerMaker":false,"isBestMatch":true},{"id":8555831,"price":"0.00097380","qty":"4.01000000","time":1517872248521,"isBuyerMaker":false,"isBestMatch":true},{"id":8555832,"price":"0.00097320","qty":"2.94000000","time":1517872253453,"isBuyerMaker":false,"isBestMatch":true},{"id":8555833,"price":"0.00097330","qty":"3.06000000","time":1517872253453,"isBuyerMaker":false,"isBestMatch":true},{"id":8555834,"price":"0.00097330","qty":"5.00000000","time":1517872255439,"isBuyerMaker":false,"isBestMatch":true},{"id":8555835,"price":"0.00097330","qty":"2.30000000","time":1517872259014,"isBuyerMaker":false,"isBestMatch":true},{"id":8555836,"price":"0.00097330","qty":"34.31000000","time":1517872259462,"isBuyerMaker":false,"isBestMatch":true},{"id":8555837,"price":"0.00097330","qty":"1.00000000","time":1517872259958,"isBuyerMaker":false,"isBestMatch":true},{"id":8555838,"price":"0.00097160","qty":"350.09000000","time":1517872264302,"isBuyerMaker":true,"isBestMatch":true},{"id":8555839,"price":"0.00097130","qty":"92.78000000","time":1517872264302,"isBuyerMaker":true,"isBestMatch":true},{"id":8555840,"price":"0.00097330","qty":"3.00000000","time":1517872264795,"isBuyerMaker":false,"isBestMatch":true},{"id":8555841,"price":"0.00097330","qty":"1.33000000","time":1517872266186,"isBuyerMaker":false,"isBestMatch":true},{"id":8555842,"price":"0.00097380","qty":"2.15000000","time":1517872266186,"isBuyerMaker":false,"isBestMatch":true},{"id":8555843,"price":"0.00097390","qty":"23.31000000","time":1517872266186,"isBuyerMaker":false,"isBestMatch":true},{"id":8555844,"price":"0.00097390","qty":"4.02000000","time":1517872269400,"isBuyerMaker":false,"isBestMatch":true},{"id":8555845,"price":"0.00097380","qty":"10.00000000","time":1517872274447,"isBuyerMaker":false,"isBestMatch":true},{"id":8555846,"price":"0.00097390","qty":"18.53000000","time":1517872275554,"isBuyerMaker":false,"isBestMatch":true},{"id":8555847,"price":"0.00097390","qty":"0.87000000","time":1517872276281,"isBuyerMaker":false,"isBestMatch":true},{"id":8555848,"price":"0.00097390","qty":"58.91000000","time":1517872276281,"isBuyerMaker":false,"isBestMatch":true},{"id":8555849,"price":"0.00097200","qty":"2.08000000","time":1517872276671,"isBuyerMaker":true,"isBestMatch":true},{"id":8555850,"price":"0.00097170","qty":"9.30000000","time":1517872276671,"isBuyerMaker":true,"isBestMatch":true},{"id":8555851,"price":"0.00097350","qty":"0.30000000","time":1517872277136,"isBuyerMaker":false,"isBestMatch":true},{"id":8555852,"price":"0.00097350","qty":"3.08000000","time":1517872278133,"isBuyerMaker":false,"isBestMatch":true},{"id":8555853,"price":"0.00097350","qty":"4.63000000","time":1517872281514,"isBuyerMaker":false,"isBestMatch":true},{"id":8555854,"price":"0.00097330","qty":"2.00000000","time":1517872286385,"isBuyerMaker":false,"isBestMatch":true},{"id":8555855,"price":"0.00097320","qty":"7.60000000","time":1517872298605,"isBuyerMaker":false,"isBestMatch":true},{"id":8555856,"price":"0.00097330","qty":"4.71000000","time":1517872298605,"isBuyerMaker":false,"isBestMatch":true},{"id":8555857,"price":"0.00097320","qty":"5.00000000","time":1517872299549,"isBuyerMaker":true,"isBestMatch":true},{"id":8555858,"price":"0.00097320","qty":"1.00000000","time":1517872300162,"isBuyerMaker":false,"isBestMatch":true},{"id":8555859,"price":"0.00097320","qty":"3.00000000","time":1517872300680,"isBuyerMaker":false,"isBestMatch":true},{"id":8555860,"price":"0.00097310","qty":"2.42000000","time":1517872302429,"isBuyerMaker":false,"isBestMatch":true},{"id":8555861,"price":"0.00097170","qty":"23.24000000","time":1517872305883,"isBuyerMaker":true,"isBestMatch":true},{"id":8555862,"price":"0.00097310","qty":"7.46000000","time":1517872305975,"isBuyerMaker":false,"isBestMatch":true},{"id":8555863,"price":"0.00097320","qty":"0.04000000","time":1517872305975,"isBuyerMaker":false,"isBestMatch":true},{"id":8555864,"price":"0.00097320","qty":"0.10000000","time":1517872306789,"isBuyerMaker":false,"isBestMatch":true},{"id":8555865,"price":"0.00097320","qty":"0.30000000","time":1517872306924,"isBuyerMaker":false,"isBestMatch":true},{"id":8555866,"price":"0.00097320","qty":"5.88000000","time":1517872309942,"isBuyerMaker":false,"isBestMatch":true},{"id":8555867,"price":"0.00097320","qty":"0.16000000","time":1517872311293,"isBuyerMaker":false,"isBestMatch":true},{"id":8555868,"price":"0.00097320","qty":"8.53000000","time":1517872311407,"isBuyerMaker":false,"isBestMatch":true},{"id":8555869,"price":"0.00097320","qty":"10.83000000","time":1517872312209,"isBuyerMaker":false,"isBestMatch":true},{"id":8555870,"price":"0.00097320","qty":"31.68000000","time":1517872312242,"isBuyerMaker":false,"isBestMatch":true},{"id":8555871,"price":"0.00097320","qty":"43.18000000","time":1517872312242,"isBuyerMaker":false,"isBestMatch":true},{"id":8555872,"price":"0.00097320","qty":"6.18000000","time":1517872312242,"isBuyerMaker":false,"isBestMatch":true},{"id":8555873,"price":"0.00097330","qty":"2.45000000","time":1517872312479,"isBuyerMaker":false,"isBestMatch":true},{"id":8555874,"price":"0.00097350","qty":"17.08000000","time":1517872313143,"isBuyerMaker":false,"isBestMatch":true},{"id":8555875,"price":"0.00097350","qty":"2.92000000","time":1517872313175,"isBuyerMaker":false,"isBestMatch":true},{"id":8555876,"price":"0.00097350","qty":"11.99000000","time":1517872313175,"isBuyerMaker":false,"isBestMatch":true},{"id":8555877,"price":"0.00097250","qty":"7.70000000","time":1517872314149,"isBuyerMaker":true,"isBestMatch":true},{"id":8555878,"price":"0.00097320","qty":"3.20000000","time":1517872314449,"isBuyerMaker":false,"isBestMatch":true},{"id":8555879,"price":"0.00097320","qty":"0.01000000","time":1517872315596,"isBuyerMaker":false,"isBestMatch":true},{"id":8555880,"price":"0.00097320","qty":"4.98000000","time":1517872316147,"isBuyerMaker":true,"isBestMatch":true},{"id":8555881,"price":"0.00097330","qty":"6.17000000","time":1517872316230,"isBuyerMaker":false,"isBestMatch":true},{"id":8555882,"price":"0.00097330","qty":"0.01000000","time":1517872317494,"isBuyerMaker":false,"isBestMatch":true},{"id":8555883,"price":"0.00097390","qty":"12.09000000","time":1517872317494,"isBuyerMaker":false,"isBestMatch":true},{"id":8555884,"price":"0.00097390","qty":"6.16000000","time":1517872317494,"isBuyerMaker":false,"isBestMatch":true},{"id":8555885,"price":"0.00097570","qty":"42.43000000","time":1517872317494,"isBuyerMaker":false,"isBestMatch":true},{"id":8555886,"price":"0.00097580","qty":"5.13000000","time":1517872317494,"isBuyerMaker":false,"isBestMatch":true},{"id":8555887,"price":"0.00097580","qty":"13.18000000","time":1517872317494,"isBuyerMaker":false,"isBestMatch":true},{"id":8555888,"price":"0.00097340","qty":"26.01000000","time":1517872321259,"isBuyerMaker":true,"isBestMatch":true},{"id":8555889,"price":"0.00097330","qty":"6.26000000","time":1517872321259,"isBuyerMaker":true,"isBestMatch":true},{"id":8555890,"price":"0.00097330","qty":"4.87000000","time":1517872321259,"isBuyerMaker":true,"isBestMatch":true},{"id":8555891,"price":"0.00097330","qty":"4.32000000","time":1517872321259,"isBuyerMaker":true,"isBestMatch":true},{"id":8555892,"price":"0.00097330","qty":"8.80000000","time":1517872321259,"isBuyerMaker":true,"isBestMatch":true},{"id":8555893,"price":"0.00097320","qty":"0.01000000","time":1517872321259,"isBuyerMaker":true,"isBestMatch":true},{"id":8555894,"price":"0.00097290","qty":"41.11000000","time":1517872321259,"isBuyerMaker":true,"isBestMatch":true},{"id":8555895,"price":"0.00097160","qty":"9.00000000","time":1517872321259,"isBuyerMaker":true,"isBestMatch":true},{"id":8555896,"price":"0.00097150","qty":"6.00000000","time":1517872321259,"isBuyerMaker":true,"isBestMatch":true},{"id":8555897,"price":"0.00097150","qty":"4.66000000","time":1517872321259,"isBuyerMaker":true,"isBestMatch":true},{"id":8555898,"price":"0.00097150","qty":"6.00000000","time":1517872321259,"isBuyerMaker":true,"isBestMatch":true},{"id":8555899,"price":"0.00097150","qty":"3.00000000","time":1517872321259,"isBuyerMaker":true,"isBestMatch":true},{"id":8555900,"price":"0.00097140","qty":"35.28000000","time":1517872321259,"isBuyerMaker":true,"isBestMatch":true},{"id":8555901,"price":"0.00097160","qty":"2.22000000","time":1517872326036,"isBuyerMaker":true,"isBestMatch":true},{"id":8555902,"price":"0.00097500","qty":"25.77000000","time":1517872328847,"isBuyerMaker":false,"isBestMatch":true},{"id":8555903,"price":"0.00097500","qty":"7.70000000","time":1517872328847,"isBuyerMaker":false,"isBestMatch":true},{"id":8555904,"price":"0.00097500","qty":"6.00000000","time":1517872328847,"isBuyerMaker":false,"isBestMatch":true},{"id":8555905,"price":"0.00097530","qty":"41.11000000","time":1517872328847,"isBuyerMaker":false,"isBestMatch":true},{"id":8555906,"price":"0.00097540","qty":"5.33000000","time":1517872328847,"isBuyerMaker":false,"isBestMatch":true},{"id":8555907,"price":"0.00097540","qty":"6.30000000","time":1517872328847,"isBuyerMaker":false,"isBestMatch":true},{"id":8555908,"price":"0.00097540","qty":"9.32000000","time":1517872328847,"isBuyerMaker":false,"isBestMatch":true},{"id":8555909,"price":"0.00097540","qty":"9.77000000","time":1517872328847,"isBuyerMaker":false,"isBestMatch":true},{"id":8555910,"price":"0.00097540","qty":"10.26000000","time":1517872328915,"isBuyerMaker":true,"isBestMatch":true},{"id":8555911,"price":"0.00097540","qty":"48.28000000","time":1517872329132,"isBuyerMaker":true,"isBestMatch":true},{"id":8555912,"price":"0.00097540","qty":"53.17000000","time":1517872329197,"isBuyerMaker":true,"isBestMatch":true},{"id":8555913,"price":"0.00097570","qty":"6.18000000","time":1517872329591,"isBuyerMaker":false,"isBestMatch":true},{"id":8555914,"price":"0.00097570","qty":"23.04000000","time":1517872329591,"isBuyerMaker":false,"isBestMatch":true},{"id":8555915,"price":"0.00097580","qty":"42.32000000","time":1517872329591,"isBuyerMaker":false,"isBestMatch":true},{"id":8555916,"price":"0.00097580","qty":"2.96000000","time":1517872329591,"isBuyerMaker":false,"isBestMatch":true},{"id":8555917,"price":"0.00097580","qty":"3.22000000","time":1517872330065,"isBuyerMaker":false,"isBestMatch":true},{"id":8555918,"price":"0.00097600","qty":"6.14000000","time":1517872330166,"isBuyerMaker":false,"isBestMatch":true},{"id":8555919,"price":"0.00097610","qty":"5.13000000","time":1517872330246,"isBuyerMaker":false,"isBestMatch":true},{"id":8555920,"price":"0.00097610","qty":"0.01000000","time":1517872330284,"isBuyerMaker":false,"isBestMatch":true},{"id":8555921,"price":"0.00097640","qty":"22.17000000","time":1517872330490,"isBuyerMaker":false,"isBestMatch":true},{"id":8555922,"price":"0.00097670","qty":"6.13000000","time":1517872330743,"isBuyerMaker":false,"isBestMatch":true},{"id":8555923,"price":"0.00097320","qty":"12.86000000","time":1517872334107,"isBuyerMaker":true,"isBestMatch":true},{"id":8555924,"price":"0.00097320","qty":"103.00000000","time":1517872334107,"isBuyerMaker":true,"isBestMatch":true},{"id":8555925,"price":"0.00097330","qty":"25.85000000","time":1517872334170,"isBuyerMaker":true,"isBestMatch":true},{"id":8555926,"price":"0.00097320","qty":"8.28000000","time":1517872334170,"isBuyerMaker":true,"isBestMatch":true},{"id":8555927,"price":"0.00097670","qty":"0.01000000","time":1517872334219,"isBuyerMaker":false,"isBestMatch":true},{"id":8555928,"price":"0.00097710","qty":"0.21000000","time":1517872334219,"isBuyerMaker":false,"isBestMatch":true},{"id":8555929,"price":"0.00097320","qty":"25.83000000","time":1517872334258,"isBuyerMaker":true,"isBestMatch":true},{"id":8555930,"price":"0.00097700","qty":"25.78000000","time":1517872336366,"isBuyerMaker":false,"isBestMatch":true},{"id":8555931,"price":"0.00097680","qty":"0.02000000","time":1517872343267,"isBuyerMaker":false,"isBestMatch":true},{"id":8555932,"price":"0.00097670","qty":"0.50000000","time":1517872344001,"isBuyerMaker":false,"isBestMatch":true},{"id":8555933,"price":"0.00097420","qty":"3.06000000","time":1517872345614,"isBuyerMaker":true,"isBestMatch":true},{"id":8555934,"price":"0.00097430","qty":"25.79000000","time":1517872346737,"isBuyerMaker":true,"isBestMatch":true},{"id":8555935,"price":"0.00097440","qty":"7.59000000","time":1517872347757,"isBuyerMaker":true,"isBestMatch":true},{"id":8555936,"price":"0.00097660","qty":"25.64000000","time":1517872348005,"isBuyerMaker":false,"isBestMatch":true},{"id":8555937,"price":"0.00097460","qty":"7.62000000","time":1517872348110,"isBuyerMaker":true,"isBestMatch":true},{"id":8555938,"price":"0.00097460","qty":"14.53000000","time":1517872348186,"isBuyerMaker":true,"isBestMatch":true},{"id":8555939,"price":"0.00097470","qty":"2.07000000","time":1517872351770,"isBuyerMaker":true,"isBestMatch":true},{"id":8555940,"price":"0.00097470","qty":"3.43000000","time":1517872351848,"isBuyerMaker":true,"isBestMatch":true},{"id":8555941,"price":"0.00097470","qty":"7.08000000","time":1517872351848,"isBuyerMaker":true,"isBestMatch":true},{"id":8555942,"price":"0.00097470","qty":"4.87000000","time":1517872351848,"isBuyerMaker":true,"isBestMatch":true},{"id":8555943,"price":"0.00097470","qty":"8.78000000","time":1517872351848,"isBuyerMaker":true,"isBestMatch":true},{"id":8555944,"price":"0.00097460","qty":"4.85000000","time":1517872351848,"isBuyerMaker":true,"isBestMatch":true},{"id":8555945,"price":"0.00097460","qty":"25.74000000","time":1517872351848,"isBuyerMaker":true,"isBestMatch":true},{"id":8555946,"price":"0.00097430","qty":"4.39000000","time":1517872351848,"isBuyerMaker":true,"isBestMatch":true},{"id":8555947,"price":"0.00097420","qty":"11.84000000","time":1517872351848,"isBuyerMaker":true,"isBestMatch":true},{"id":8555948,"price":"0.00097420","qty":"19.32000000","time":1517872351848,"isBuyerMaker":true,"isBestMatch":true},{"id":8555949,"price":"0.00097390","qty":"64.84000000","time":1517872351848,"isBuyerMaker":true,"isBestMatch":true},{"id":8555950,"price":"0.00097660","qty":"118.01000000","time":1517872352270,"isBuyerMaker":false,"isBestMatch":true},{"id":8555951,"price":"0.00097660","qty":"25.96000000","time":1517872352270,"isBuyerMaker":false,"isBestMatch":true},{"id":8555952,"price":"0.00097660","qty":"7.59000000","time":1517872352270,"isBuyerMaker":false,"isBestMatch":true},{"id":8555953,"price":"0.00097660","qty":"0.01000000","time":1517872352409,"isBuyerMaker":false,"isBestMatch":true},{"id":8555954,"price":"0.00097680","qty":"10.22000000","time":1517872352409,"isBuyerMaker":false,"isBestMatch":true},{"id":8555955,"price":"0.00097680","qty":"28.50000000","time":1517872352514,"isBuyerMaker":false,"isBestMatch":true},{"id":8555956,"price":"0.00097670","qty":"4.87000000","time":1517872352783,"isBuyerMaker":false,"isBestMatch":true},{"id":8555957,"price":"0.00097680","qty":"25.61000000","time":1517872352783,"isBuyerMaker":false,"isBestMatch":true},{"id":8555958,"price":"0.00097660","qty":"0.08000000","time":1517872354574,"isBuyerMaker":false,"isBestMatch":true},{"id":8555959,"price":"0.00097660","qty":"13.18000000","time":1517872354699,"isBuyerMaker":false,"isBestMatch":true},{"id":8555960,"price":"0.00097660","qty":"10.55000000","time":1517872354956,"isBuyerMaker":false,"isBestMatch":true},{"id":8555961,"price":"0.00097660","qty":"1.90000000","time":1517872357237,"isBuyerMaker":false,"isBestMatch":true},{"id":8555962,"price":"0.00097660","qty":"26.60000000","time":1517872357237,"isBuyerMaker":false,"isBestMatch":true},{"id":8555963,"price":"0.00097660","qty":"2.52000000","time":1517872358677,"isBuyerMaker":false,"isBestMatch":true},{"id":8555964,"price":"0.00097650","qty":"11.00000000","time":1517872359547,"isBuyerMaker":false,"isBestMatch":true},{"id":8555965,"price":"0.00097650","qty":"58.22000000","time":1517872361001,"isBuyerMaker":false,"isBestMatch":true},{"id":8555966,"price":"0.00097650","qty":"50.78000000","time":1517872361007,"isBuyerMaker":false,"isBestMatch":true},{"id":8555967,"price":"0.00097660","qty":"3.29000000","time":1517872361026,"isBuyerMaker":false,"isBestMatch":true},{"id":8555968,"price":"0.00097640","qty":"4.46000000","time":1517872361276,"isBuyerMaker":false,"isBestMatch":true},{"id":8555969,"price":"0.00097640","qty":"1.35000000","time":1517872361809,"isBuyerMaker":false,"isBestMatch":true},{"id":8555970,"price":"0.00097640","qty":"4.69000000","time":1517872363282,"isBuyerMaker":false,"isBestMatch":true},{"id":8555971,"price":"0.00097640","qty":"7.74000000","time":1517872363282,"isBuyerMaker":false,"isBestMatch":true},{"id":8555972,"price":"0.00097630","qty":"0.02000000","time":1517872373538,"isBuyerMaker":false,"isBestMatch":true},{"id":8555973,"price":"0.00097630","qty":"0.01000000","time":1517872374022,"isBuyerMaker":false,"isBestMatch":true},{"id":8555974,"price":"0.00097630","qty":"0.14000000","time":1517872374706,"isBuyerMaker":false,"isBestMatch":true},{"id":8555975,"price":"0.00097580","qty":"1.54000000","time":1517872375103,"isBuyerMaker":true,"isBestMatch":true},{"id":8555976,"price":"0.00097630","qty":"5.00000000","time":1517872375737,"isBuyerMaker":false,"isBestMatch":true},{"id":8555977,"price":"0.00097580","qty":"0.46000000","time":1517872376235,"isBuyerMaker":true,"isBestMatch":true},{"id":8555978,"price":"0.00097540","qty":"1.37000000","time":1517872376235,"isBuyerMaker":true,"isBestMatch":true},{"id":8555979,"price":"0.00097630","qty":"0.01000000","time":1517872377022,"isBuyerMaker":false,"isBestMatch":true},{"id":8555980,"price":"0.00097630","qty":"0.09000000","time":1517872377726,"isBuyerMaker":false,"isBestMatch":true},{"id":8555981,"price":"0.00097540","qty":"4.57000000","time":1517872380232,"isBuyerMaker":true,"isBestMatch":true},{"id":8555982,"price":"0.00097620","qty":"0.08000000","time":1517872380260,"isBuyerMaker":false,"isBestMatch":true},{"id":8555983,"price":"0.00097540","qty":"1.66000000","time":1517872380631,"isBuyerMaker":true,"isBestMatch":true},{"id":8555984,"price":"0.00097450","qty":"31.00000000","time":1517872380631,"isBuyerMaker":true,"isBestMatch":true},{"id":8555985,"price":"0.00097450","qty":"1.10000000","time":1517872380631,"isBuyerMaker":true,"isBestMatch":true},{"id":8555986,"price":"0.00097420","qty":"25.88000000","time":1517872380631,"isBuyerMaker":true,"isBestMatch":true},{"id":8555987,"price":"0.00097320","qty":"6.19000000","time":1517872380631,"isBuyerMaker":true,"isBestMatch":true},{"id":8555988,"price":"0.00097320","qty":"6.19000000","time":1517872380631,"isBuyerMaker":true,"isBestMatch":true},{"id":8555989,"price":"0.00097240","qty":"3.17000000","time":1517872380631,"isBuyerMaker":true,"isBestMatch":true},{"id":8555990,"price":"0.00097210","qty":"6.00000000","time":1517872380631,"isBuyerMaker":true,"isBestMatch":true},{"id":8555991,"price":"0.00097210","qty":"12.00000000","time":1517872380631,"isBuyerMaker":true,"isBestMatch":true},{"id":8555992,"price":"0.00097210","qty":"6.00000000","time":1517872380631,"isBuyerMaker":true,"isBestMatch":true},{"id":8555993,"price":"0.00097200","qty":"56.01000000","time":1517872380631,"isBuyerMaker":true,"isBestMatch":true},{"id":8555994,"price":"0.00097510","qty":"25.51000000","time":1517872383233,"isBuyerMaker":false,"isBestMatch":true},{"id":8555995,"price":"0.00097510","qty":"0.25000000","time":1517872385890,"isBuyerMaker":false,"isBestMatch":true},{"id":8555996,"price":"0.00097520","qty":"3.16000000","time":1517872385890,"isBuyerMaker":false,"isBestMatch":true},{"id":8555997,"price":"0.00097520","qty":"0.01000000","time":1517872387276,"isBuyerMaker":false,"isBestMatch":true},{"id":8555998,"price":"0.00097620","qty":"25.31000000","time":1517872387276,"isBuyerMaker":false,"isBestMatch":true},{"id":8555999,"price":"0.00097630","qty":"44.69000000","time":1517872387276,"isBuyerMaker":false,"isBestMatch":true},{"id":8556000,"price":"0.00097630","qty":"1.52000000","time":1517872387359,"isBuyerMaker":false,"isBestMatch":true},{"id":8556001,"price":"0.00097640","qty":"0.01000000","time":1517872387429,"isBuyerMaker":false,"isBestMatch":true},{"id":8556002,"price":"0.00097680","qty":"4.98000000","time":1517872387709,"isBuyerMaker":false,"isBestMatch":true},{"id":8556003,"price":"0.00097700","qty":"6.16000000","time":1517872387837,"isBuyerMaker":false,"isBestMatch":true},{"id":8556004,"price":"0.00097700","qty":"8.73000000","time":1517872387837,"isBuyerMaker":false,"isBestMatch":true},{"id":8556005,"price":"0.00097700","qty":"12.74000000","time":1517872388109,"isBuyerMaker":false,"isBestMatch":true},{"id":8556006,"price":"0.00097640","qty":"7.60000000","time":1517872388419,"isBuyerMaker":true,"isBestMatch":true},{"id":8556007,"price":"0.00097700","qty":"8.52000000","time":1517872388740,"isBuyerMaker":false,"isBestMatch":true},{"id":8556008,"price":"0.00097640","qty":"13.00000000","time":1517872388750,"isBuyerMaker":true,"isBestMatch":true},{"id":8556009,"price":"0.00097640","qty":"32.22000000","time":1517872389145,"isBuyerMaker":true,"isBestMatch":true},{"id":8556010,"price":"0.00097700","qty":"0.01000000","time":1517872389402,"isBuyerMaker":false,"isBestMatch":true},{"id":8556011,"price":"0.00097710","qty":"13.42000000","time":1517872389402,"isBuyerMaker":false,"isBestMatch":true},{"id":8556012,"price":"0.00097710","qty":"0.57000000","time":1517872390773,"isBuyerMaker":true,"isBestMatch":true},{"id":8556013,"price":"0.00097690","qty":"2.00000000","time":1517872390773,"isBuyerMaker":true,"isBestMatch":true},{"id":8556014,"price":"0.00097640","qty":"3.43000000","time":1517872390773,"isBuyerMaker":true,"isBestMatch":true},{"id":8556015,"price":"0.00097750","qty":"1.10000000","time":1517872390967,"isBuyerMaker":false,"isBestMatch":true},{"id":8556016,"price":"0.00097640","qty":"14.73000000","time":1517872391092,"isBuyerMaker":true,"isBestMatch":true},{"id":8556017,"price":"0.00097720","qty":"50.00000000","time":1517872395668,"isBuyerMaker":false,"isBestMatch":true},{"id":8556018,"price":"0.00097720","qty":"2.04000000","time":1517872397655,"isBuyerMaker":false,"isBestMatch":true},{"id":8556019,"price":"0.00097660","qty":"5.10000000","time":1517872398154,"isBuyerMaker":true,"isBestMatch":true},{"id":8556020,"price":"0.00097720","qty":"18.32000000","time":1517872398297,"isBuyerMaker":false,"isBestMatch":true},{"id":8556021,"price":"0.00097740","qty":"11.00000000","time":1517872398389,"isBuyerMaker":false,"isBestMatch":true},{"id":8556022,"price":"0.00097830","qty":"0.01000000","time":1517872400613,"isBuyerMaker":false,"isBestMatch":true},{"id":8556023,"price":"0.00097660","qty":"0.01000000","time":1517872402317,"isBuyerMaker":true,"isBestMatch":true},{"id":8556024,"price":"0.00097660","qty":"6.17000000","time":1517872402317,"isBuyerMaker":true,"isBestMatch":true},{"id":8556025,"price":"0.00097830","qty":"3.22000000","time":1517872402718,"isBuyerMaker":false,"isBestMatch":true},{"id":8556026,"price":"0.00097670","qty":"7.59000000","time":1517872404370,"isBuyerMaker":true,"isBestMatch":true},{"id":8556027,"price":"0.00097670","qty":"0.01000000","time":1517872405824,"isBuyerMaker":true,"isBestMatch":true},{"id":8556028,"price":"0.00097660","qty":"0.01000000","time":1517872405824,"isBuyerMaker":true,"isBestMatch":true},{"id":8556029,"price":"0.00097640","qty":"0.01000000","time":1517872405824,"isBuyerMaker":true,"isBestMatch":true},{"id":8556030,"price":"0.00097640","qty":"17.18000000","time":1517872405824,"isBuyerMaker":true,"isBestMatch":true},{"id":8556031,"price":"0.00097640","qty":"57.47000000","time":1517872406328,"isBuyerMaker":true,"isBestMatch":true},{"id":8556032,"price":"0.00097640","qty":"4.66000000","time":1517872407306,"isBuyerMaker":true,"isBestMatch":true},{"id":8556033,"price":"0.00097630","qty":"25.85000000","time":1517872407542,"isBuyerMaker":true,"isBestMatch":true},{"id":8556034,"price":"0.00097500","qty":"30.07000000","time":1517872408026,"isBuyerMaker":true,"isBestMatch":true},{"id":8556035,"price":"0.00097450","qty":"1.10000000","time":1517872408026,"isBuyerMaker":true,"isBestMatch":true},{"id":8556036,"price":"0.00097400","qty":"9.00000000","time":1517872408026,"isBuyerMaker":true,"isBestMatch":true},{"id":8556037,"price":"0.00097360","qty":"3.17000000","time":1517872408026,"isBuyerMaker":true,"isBestMatch":true},{"id":8556038,"price":"0.00097320","qty":"6.19000000","time":1517872408026,"isBuyerMaker":true,"isBestMatch":true},{"id":8556039,"price":"0.00097200","qty":"6.19000000","time":1517872408026,"isBuyerMaker":true,"isBestMatch":true},{"id":8556040,"price":"0.00097200","qty":"14.04000000","time":1517872408026,"isBuyerMaker":true,"isBestMatch":true},{"id":8556041,"price":"0.00097200","qty":"12.00000000","time":1517872408026,"isBuyerMaker":true,"isBestMatch":true},{"id":8556042,"price":"0.00097200","qty":"6.00000000","time":1517872408026,"isBuyerMaker":true,"isBestMatch":true},{"id":8556043,"price":"0.00097200","qty":"14.04000000","time":1517872408026,"isBuyerMaker":true,"isBestMatch":true},{"id":8556044,"price":"0.00097190","qty":"78.24000000","time":1517872408026,"isBuyerMaker":true,"isBestMatch":true},{"id":8556045,"price":"0.00097170","qty":"42.86000000","time":1517872408026,"isBuyerMaker":true,"isBestMatch":true},{"id":8556046,"price":"0.00097640","qty":"3.16000000","time":1517872409153,"isBuyerMaker":false,"isBestMatch":true},{"id":8556047,"price":"0.00097340","qty":"23.86000000","time":1517872410999,"isBuyerMaker":true,"isBestMatch":true},{"id":8556048,"price":"0.00097330","qty":"5.50000000","time":1517872410999,"isBuyerMaker":true,"isBestMatch":true},{"id":8556049,"price":"0.00097330","qty":"6.23000000","time":1517872410999,"isBuyerMaker":true,"isBestMatch":true},{"id":8556050,"price":"0.00097330","qty":"8.00000000","time":1517872410999,"isBuyerMaker":true,"isBestMatch":true},{"id":8556051,"price":"0.00097330","qty":"8.80000000","time":1517872410999,"isBuyerMaker":true,"isBestMatch":true},{"id":8556052,"price":"0.00097320","qty":"6.19000000","time":1517872410999,"isBuyerMaker":true,"isBestMatch":true},{"id":8556053,"price":"0.00097180","qty":"77.20000000","time":1517872410999,"isBuyerMaker":true,"isBestMatch":true},{"id":8556054,"price":"0.00097170","qty":"19.39000000","time":1517872410999,"isBuyerMaker":true,"isBestMatch":true},{"id":8556055,"price":"0.00097620","qty":"16.02000000","time":1517872412087,"isBuyerMaker":false,"isBestMatch":true},{"id":8556056,"price":"0.00097620","qty":"7.74000000","time":1517872412161,"isBuyerMaker":false,"isBestMatch":true},{"id":8556057,"price":"0.00097620","qty":"1.87000000","time":1517872418911,"isBuyerMaker":false,"isBestMatch":true},{"id":8556058,"price":"0.00097620","qty":"2.57000000","time":1517872419499,"isBuyerMaker":true,"isBestMatch":true},{"id":8556059,"price":"0.00097610","qty":"1.00000000","time":1517872422822,"isBuyerMaker":false,"isBestMatch":true},{"id":8556060,"price":"0.00097610","qty":"0.07000000","time":1517872425775,"isBuyerMaker":false,"isBestMatch":true},{"id":8556061,"price":"0.00097610","qty":"0.82000000","time":1517872427016,"isBuyerMaker":false,"isBestMatch":true},{"id":8556062,"price":"0.00097610","qty":"7.98000000","time":1517872427016,"isBuyerMaker":false,"isBestMatch":true},{"id":8556063,"price":"0.00097610","qty":"6.23000000","time":1517872427016,"isBuyerMaker":false,"isBestMatch":true},{"id":8556064,"price":"0.00097610","qty":"8.80000000","time":1517872427016,"isBuyerMaker":false,"isBestMatch":true},{"id":8556065,"price":"0.00097620","qty":"24.47000000","time":1517872428890,"isBuyerMaker":true,"isBestMatch":true},{"id":8556066,"price":"0.00097650","qty":"3.79000000","time":1517872430106,"isBuyerMaker":false,"isBestMatch":true},{"id":8556067,"price":"0.00097650","qty":"0.10000000","time":1517872430260,"isBuyerMaker":false,"isBestMatch":true},{"id":8556068,"price":"0.00097660","qty":"140.90000000","time":1517872430260,"isBuyerMaker":false,"isBestMatch":true},{"id":8556069,"price":"0.00097640","qty":"0.01000000","time":1517872430703,"isBuyerMaker":false,"isBestMatch":true},{"id":8556070,"price":"0.00097640","qty":"0.01000000","time":1517872431203,"isBuyerMaker":false,"isBestMatch":true},{"id":8556071,"price":"0.00097620","qty":"43.00000000","time":1517872431440,"isBuyerMaker":true,"isBestMatch":true},{"id":8556072,"price":"0.00097620","qty":"27.49000000","time":1517872431460,"isBuyerMaker":true,"isBestMatch":true},{"id":8556073,"price":"0.00097620","qty":"0.01000000","time":1517872431711,"isBuyerMaker":false,"isBestMatch":true},{"id":8556074,"price":"0.00097620","qty":"3.00000000","time":1517872432057,"isBuyerMaker":false,"isBestMatch":true},{"id":8556075,"price":"0.00097620","qty":"0.01000000","time":1517872432210,"isBuyerMaker":false,"isBestMatch":true},{"id":8556076,"price":"0.00097620","qty":"0.01000000","time":1517872432707,"isBuyerMaker":false,"isBestMatch":true},{"id":8556077,"price":"0.00097620","qty":"0.01000000","time":1517872433116,"isBuyerMaker":false,"isBestMatch":true},{"id":8556078,"price":"0.00097620","qty":"0.01000000","time":1517872433709,"isBuyerMaker":false,"isBestMatch":true},{"id":8556079,"price":"0.00097620","qty":"15.63000000","time":1517872434165,"isBuyerMaker":false,"isBestMatch":true},{"id":8556080,"price":"0.00097620","qty":"17.84000000","time":1517872434165,"isBuyerMaker":false,"isBestMatch":true},{"id":8556081,"price":"0.00097620","qty":"0.01000000","time":1517872435720,"isBuyerMaker":false,"isBestMatch":true},{"id":8556082,"price":"0.00097620","qty":"5.00000000","time":1517872435862,"isBuyerMaker":false,"isBestMatch":true},{"id":8556083,"price":"0.00097620","qty":"0.01000000","time":1517872436217,"isBuyerMaker":false,"isBestMatch":true},{"id":8556084,"price":"0.00097620","qty":"3.16000000","time":1517872439022,"isBuyerMaker":false,"isBestMatch":true},{"id":8556085,"price":"0.00097620","qty":"0.01000000","time":1517872439732,"isBuyerMaker":false,"isBestMatch":true},{"id":8556086,"price":"0.00097620","qty":"3.00000000","time":1517872439886,"isBuyerMaker":false,"isBestMatch":true},{"id":8556087,"price":"0.00097620","qty":"33.19000000","time":1517872440859,"isBuyerMaker":false,"isBestMatch":true},{"id":8556088,"price":"0.00097620","qty":"5.12000000","time":1517872440859,"isBuyerMaker":false,"isBestMatch":true},{"id":8556089,"price":"0.00097620","qty":"5.11000000","time":1517872440859,"isBuyerMaker":false,"isBestMatch":true},{"id":8556090,"price":"0.00097640","qty":"6.24000000","time":1517872440859,"isBuyerMaker":false,"isBestMatch":true},{"id":8556091,"price":"0.00097660","qty":"105.04000000","time":1517872440859,"isBuyerMaker":false,"isBestMatch":true},{"id":8556092,"price":"0.00097610","qty":"0.01000000","time":1517872443251,"isBuyerMaker":false,"isBestMatch":true},{"id":8556093,"price":"0.00097610","qty":"0.16000000","time":1517872443573,"isBuyerMaker":false,"isBestMatch":true},{"id":8556094,"price":"0.00097610","qty":"5.00000000","time":1517872444471,"isBuyerMaker":false,"isBestMatch":true},{"id":8556095,"price":"0.00097610","qty":"0.01000000","time":1517872444736,"isBuyerMaker":false,"isBestMatch":true},{"id":8556096,"price":"0.00097610","qty":"0.01000000","time":1517872445243,"isBuyerMaker":false,"isBestMatch":true},{"id":8556097,"price":"0.00097500","qty":"2.00000000","time":1517872445569,"isBuyerMaker":true,"isBestMatch":true},{"id":8556098,"price":"0.00097450","qty":"2.00000000","time":1517872445592,"isBuyerMaker":true,"isBestMatch":true},{"id":8556099,"price":"0.00097450","qty":"88.74000000","time":1517872445602,"isBuyerMaker":true,"isBestMatch":true},{"id":8556100,"price":"0.00097450","qty":"15.60000000","time":1517872445607,"isBuyerMaker":true,"isBestMatch":true},{"id":8556101,"price":"0.00097450","qty":"75.40000000","time":1517872445607,"isBuyerMaker":true,"isBestMatch":true},{"id":8556102,"price":"0.00097610","qty":"0.01000000","time":1517872445753,"isBuyerMaker":false,"isBestMatch":true},{"id":8556103,"price":"0.00097600","qty":"1.47000000","time":1517872446229,"isBuyerMaker":false,"isBestMatch":true},{"id":8556104,"price":"0.00097600","qty":"0.01000000","time":1517872446244,"isBuyerMaker":false,"isBestMatch":true},{"id":8556105,"price":"0.00097450","qty":"19.70000000","time":1517872446515,"isBuyerMaker":true,"isBestMatch":true},{"id":8556106,"price":"0.00097450","qty":"75.39000000","time":1517872446515,"isBuyerMaker":true,"isBestMatch":true},{"id":8556107,"price":"0.00097450","qty":"199.79000000","time":1517872446526,"isBuyerMaker":true,"isBestMatch":true},{"id":8556108,"price":"0.00097450","qty":"4.41000000","time":1517872446526,"isBuyerMaker":true,"isBestMatch":true},{"id":8556109,"price":"0.00097600","qty":"0.01000000","time":1517872446753,"isBuyerMaker":false,"isBestMatch":true},{"id":8556110,"price":"0.00097600","qty":"1.48000000","time":1517872446781,"isBuyerMaker":false,"isBestMatch":true},{"id":8556111,"price":"0.00097600","qty":"0.01000000","time":1517872447252,"isBuyerMaker":false,"isBestMatch":true},{"id":8556112,"price":"0.00097600","qty":"0.01000000","time":1517872447740,"isBuyerMaker":false,"isBestMatch":true},{"id":8556113,"price":"0.00097450","qty":"98.51000000","time":1517872449144,"isBuyerMaker":false,"isBestMatch":true},{"id":8556114,"price":"0.00097450","qty":"24.71000000","time":1517872449893,"isBuyerMaker":false,"isBestMatch":true},{"id":8556115,"price":"0.00097450","qty":"102.36000000","time":1517872450089,"isBuyerMaker":false,"isBestMatch":true},{"id":8556116,"price":"0.00097450","qty":"112.40000000","time":1517872450172,"isBuyerMaker":false,"isBestMatch":true},{"id":8556117,"price":"0.00097450","qty":"4.75000000","time":1517872451077,"isBuyerMaker":false,"isBestMatch":true},{"id":8556118,"price":"0.00097450","qty":"11.76000000","time":1517872456191,"isBuyerMaker":false,"isBestMatch":true}]
