# GET https://api.gdax.com/products/btc-usd/trades
[{"time":"2018-02-08T05:24:33.221Z","trade_id":36548583,"price":"8099.14000000","size":"0.89760461","side":"sell"},{"time":"2018-02-08T05:24:31.821Z","trade_id":36548582,"price":"8100.00000000","size":"1.43859253","side":"sell"},{"time":"2018-02-08T05:24:31.821Z","trade_id":36548581,"price":"8100.00000000","size":"0.03105187","side":"sell"},{"time":"2018-02-08T05:24:31.821Z","trade_id":36548580,"price":"8100.00000000","size":"0.09794813","side":"sell"},{"time":"2018-02-08T05:24:31.821Z","trade_id":36548579,"price":"8099.25000000","size":"0.00371566","side":"sell"},{"time":"2018-02-08T05:24:31.821Z","trade_id":36548578,"price":"8099.00000000","size":"0.76000000","side":"sell"},{"time":"2018-02-08T05:24:31.821Z","trade_id":36548577,"price":"8098.66000000","size":"0.00310000","side":"sell"},{"time":"2018-02-08T05:24:31.821Z","trade_id":36548576,"price":"8098.15000000","size":"0.05000000","side":"sell"},{"time":"2018-02-08T05:24:31.821Z","trade_id":36548575,"price":"8097.55000000","size":"0.01000000","side":"sell"},{"time":"2018-02-08T05:24:31.821Z","trade_id":36548574,"price":"8093.88000000","size":"1.00000000","side":"sell"},{"time":"2018-02-08T05:24:31.821Z","trade_id":36548573,"price":"8093.88000000","size":"0.00248910","side":"sell"},{"time":"2018-02-08T05:24:31.821Z","trade_id":36548572,"price":"8093.88000000","size":"0.01000000","side":"sell"},{"time":"2018-02-08T05:24:31.821Z","trade_id":36548571,"price":"8093.88000000","size":"1.89264711","side":"sell"},{"time":"2018-02-08T05:24:15.296Z","trade_id":36548570,"price":"8093.88000000","size":"0.10735289","side":"sell"},{"time":"2018-02-08T05:24:15.296Z","trade_id":36548569,"price":"8093.20000000","size":"0.22366200","side":"sell"},{"time":"2018-02-08T05:24:15.296Z","trade_id":36548568,"price":"8093.14000000","size":"0.03421400","side":"sell"},{"time":"2018-02-08T05:24:15.296Z","trade_id":36548567,"price":"8093.14000000","size":"0.01708891","side":"sell"},{"time":"2018-02-08T05:24:12.625Z","trade_id":36548566,"price":"8093.13000000","size":"0.11785200","side":"buy"},{"time":"2018-02-08T05:24:12.625Z","trade_id":36548565,"price":"8093.13000000","size":"0.20264800","side":"buy"},{"time":"2018-02-08T05:24:07.915Z","trade_id":36548564,"price":"8093.14000000","size":"0.03291109","side":"sell"},{"time":"2018-02-08T05:23:55.1Z","trade_id":36548563,"price":"8092.15000000","size":"0.08406300","side":"buy"},{"time":"2018-02-08T05:23:55.1Z","trade_id":36548562,"price":"8092.15000000","size":"0.00100000","side":"buy"},{"time":"2018-02-08T05:23:55.1Z","trade_id":36548561,"price":"8092.15000000","size":"0.00100000","side":"buy"},{"time":"2018-02-08T05:23:54.81Z","trade_id":36548560,"price":"8092.16000000","size":"0.00123268","side":"sell"},{"time":"2018-02-08T05:23:53.3Z","trade_id":36548559,"price":"8092.16000000","size":"0.09172700","side":"sell"},{"time":"2018-02-08T05:23:53.3Z","trade_id":36548558,"price":"8092.16000000","size":"0.20267300","side":"sell"},{"time":"2018-02-08T05:23:48.831Z","trade_id":36548557,"price":"8092.16000000","size":"0.47157927","side":"sell"},{"time":"2018-02-08T05:23:48.831Z","trade_id":36548556,"price":"8091.00000000","size":"0.75257184","side":"sell"},{"time":"2018-02-08T05:23:48.831Z","trade_id":36548555,"price":"8090.99000000","size":"0.20000000","side":"sell"},{"time":"2018-02-08T05:23:48.831Z","trade_id":36548554,"price":"8090.98000000","size":"0.00339456","side":"sell"},{"time":"2018-02-08T05:23:48.831Z","trade_id":36548553,"price":"8090.74000000","size":"0.32629848","side":"sell"},{"time":"2018-02-08T05:23:48.831Z","trade_id":36548552,"price":"8090.73000000","size":"0.00678912","side":"sell"},{"time":"2018-02-08T05:23:48.831Z","trade_id":36548551,"price":"8090.30000000","size":"1.00000000","side":"sell"},{"time":"2018-02-08T05:23:48.831Z","trade_id":36548550,"price":"8090.30000000","size":"0.00300000","side":"sell"},{"time":"2018-02-08T05:23:48.831Z","trade_id":36548549,"price":"8090.00000000","size":"0.00114755","side":"sell"},{"time":"2018-02-08T05:23:48.831Z","trade_id":36548548,"price":"8088.60000000","size":"0.24969371","side":"sell"},{"time":"2018-02-08T05:23:48.831Z","trade_id":36548547,"price":"8086.64000000","size":"0.00123700","side":"sell"},{"time":"2018-02-08T05:23:48.831Z","trade_id":36548546,"price":"8085.00000000","size":"0.21197007","side":"sell"},{"time":"2018-02-08T05:23:48.831Z","trade_id":36548545,"price":"8084.96000000","size":"0.00989000","side":"sell"},{"time":"2018-02-08T05:23:48.831Z","trade_id":36548544,"price":"8083.73000000","size":"0.00200000","side":"sell"},{"time":"2018-02-08T05:23:48.831Z","trade_id":36548543,"price":"8081.64000000","size":"0.19799059","side":"sell"},{"time":"2018-02-08T05:23:34.872Z","trade_id":36548542,"price":"8081.64000000","size":"0.18870000","side":"sell"},{"time":"2018-02-08T05:23:33.484Z","trade_id":36548541,"price":"8081.63000000","size":"0.00280000","side":"buy"},{"time":"2018-02-08T05:23:32.684Z","trade_id":36548540,"price":"8081.64000000","size":"0.00976567","side":"sell"},{"time":"2018-02-08T05:23:28.178Z","trade_id":36548539,"price":"8081.63000000","size":"0.01750000","side":"buy"},{"time":"2018-02-08T05:23:25.322Z","trade_id":36548538,"price":"8081.64000000","size":"0.35537820","side":"sell"},{"time":"2018-02-08T05:23:25.322Z","trade_id":36548537,"price":"8081.64000000","size":"0.62273491","side":"sell"},{"time":"2018-02-08T05:23:23.921Z","trade_id":36548536,"price":"8081.64000000","size":"0.00766985","side":"sell"},{"time":"2018-02-08T05:23:22.594Z","trade_id":36548535,"price":"8081.63000000","size":"0.83573316","side":"buy"},{"time":"2018-02-08T05:23:18.607Z","trade_id":36548534,"price":"8081.64000000","size":"0.11959524","side":"sell"},{"time":"2018-02-08T05:23:18.607Z","trade_id":36548533,"price":"8081.63000000","size":"0.02739191","side":"sell"},{"time":"2018-02-08T05:23:18.607Z","trade_id":36548532,"price":"8081.62000000","size":"0.01357825","side":"sell"},{"time":"2018-02-08T05:23:18.607Z","trade_id":36548531,"price":"8081.61000000","size":"0.02715649","side":"sell"},{"time":"2018-02-08T05:23:18.607Z","trade_id":36548530,"price":"8081.60000000","size":"0.01000000","side":"sell"},{"time":"2018-02-08T05:23:18.607Z","trade_id":36548529,"price":"8081.60000000","size":"0.02000000","side":"sell"},{"time":"2018-02-08T05:23:18.607Z","trade_id":36548528,"price":"8081.60000000","size":"0.02064000","side":"sell"},{"time":"2018-02-08T05:23:18.607Z","trade_id":36548527,"price":"8079.30000000","size":"0.00123800","side":"sell"},{"time":"2018-02-08T05:23:18.607Z","trade_id":36548526,"price":"8076.00000000","size":"0.02500000","side":"sell"},{"time":"2018-02-08T05:23:18.607Z","trade_id":36548525,"price":"8075.01000000","size":"0.00000011","side":"sell"},{"time":"2018-02-08T05:23:13.303Z","trade_id":36548524,"price":"8075.01000000","size":"0.09709473","side":"sell"},{"time":"2018-02-08T05:23:13.303Z","trade_id":36548523,"price":"8075.01000000","size":"0.39688827","side":"sell"},{"time":"2018-02-08T05:23:12.35Z","trade_id":36548522,"price":"8075.01000000","size":"0.01242217","side":"sell"},{"time":"2018-02-08T05:23:10.987Z","trade_id":36548521,"price":"8075.01000000","size":"0.02445647","side":"sell"},{"time":"2018-02-08T05:23:10.334Z","trade_id":36548520,"price":"8075.00000000","size":"0.06900000","side":"buy"},{"time":"2018-02-08T05:23:07.684Z","trade_id":36548519,"price":"8075.01000000","size":"0.56623309","side":"sell"},{"time":"2018-02-08T05:23:07.684Z","trade_id":36548518,"price":"8075.01000000","size":"0.05141706","side":"sell"},{"time":"2018-02-08T05:23:07.11Z","trade_id":36548517,"price":"8075.00000000","size":"0.36210588","side":"buy"},{"time":"2018-02-08T05:23:07.11Z","trade_id":36548516,"price":"8075.00000000","size":"0.43000000","side":"buy"},{"time":"2018-02-08T05:23:07.11Z","trade_id":36548515,"price":"8075.00000000","size":"0.21395179","side":"buy"},{"time":"2018-02-08T05:23:06.575Z","trade_id":36548514,"price":"8075.00000000","size":"1.00844821","side":"buy"},{"time":"2018-02-08T05:23:04.975Z","trade_id":36548513,"price":"8075.01000000","size":"0.00617650","side":"sell"},{"time":"2018-02-08T05:23:04.456Z","trade_id":36548512,"price":"8075.01000000","size":"0.02939509","side":"sell"},{"time":"2018-02-08T05:23:04.456Z","trade_id":36548511,"price":"8075.00000000","size":"0.07160692","side":"sell"},{"time":"2018-02-08T05:23:04.456Z","trade_id":36548510,"price":"8074.38000000","size":"0.02000000","side":"sell"},{"time":"2018-02-08T05:23:04.456Z","trade_id":36548509,"price":"8074.38000000","size":"0.10929284","side":"sell"},{"time":"2018-02-08T05:23:04.214Z","trade_id":36548508,"price":"8074.38000000","size":"1.73290383","side":"sell"},{"time":"2018-02-08T05:23:04.214Z","trade_id":36548507,"price":"8074.38000000","size":"0.17510212","side":"sell"},{"time":"2018-02-08T05:22:59.436Z","trade_id":36548506,"price":"8074.38000000","size":"0.07489788","side":"sell"},{"time":"2018-02-08T05:22:59.436Z","trade_id":36548505,"price":"8074.31000000","size":"0.05000000","side":"sell"},{"time":"2018-02-08T05:22:59.436Z","trade_id":36548504,"price":"8074.30000000","size":"0.00414158","side":"sell"},{"time":"2018-02-08T05:22:59.436Z","trade_id":36548503,"price":"8074.30000000","size":"0.12000000","side":"sell"},{"time":"2018-02-08T05:22:59.436Z","trade_id":36548502,"price":"8074.30000000","size":"0.01346054","side":"sell"},{"time":"2018-02-08T05:22:57.48Z","trade_id":36548501,"price":"8074.29000000","size":"0.59467823","side":"buy"},{"time":"2018-02-08T05:22:57.48Z","trade_id":36548500,"price":"8074.29000000","size":"0.03421400","side":"buy"},{"time":"2018-02-08T05:22:57.48Z","trade_id":36548499,"price":"8074.29000000","size":"0.08122940","side":"buy"},{"time":"2018-02-08T05:22:53.964Z","trade_id":36548498,"price":"8074.29000000","size":"0.12144360","side":"buy"},{"time":"2018-02-08T05:22:49.96Z","trade_id":36548497,"price":"8074.00000000","size":"0.00429561","side":"buy"},{"time":"2018-02-08T05:22:49.96Z","trade_id":36548496,"price":"8074.00000000","size":"0.01000000","side":"buy"},{"time":"2018-02-08T05:22:49.96Z","trade_id":36548495,"price":"8074.30000000","size":"0.19799059","side":"buy"},{"time":"2018-02-08T05:22:49.96Z","trade_id":36548494,"price":"8074.30000000","size":"0.61191168","side":"buy"},{"time":"2018-02-08T05:22:49.96Z","trade_id":36548493,"price":"8074.30000000","size":"0.75628952","side":"buy"},{"time":"2018-02-08T05:22:48.462Z","trade_id":36548492,"price":"8074.30000000","size":"0.05476123","side":"buy"},{"time":"2018-02-08T05:22:46.697Z","trade_id":36548491,"price":"8074.30000000","size":"0.12198092","side":"buy"},{"time":"2018-02-08T05:22:45.263Z","trade_id":36548490,"price":"8074.30000000","size":"0.06500000","side":"buy"},{"time":"2018-02-08T05:22:41.596Z","trade_id":36548489,"price":"8074.30000000","size":"0.00196833","side":"buy"},{"time":"2018-02-08T05:22:38.284Z","trade_id":36548488,"price":"8072.00000000","size":"0.01019995","side":"buy"},{"time":"2018-02-08T05:22:38.284Z","trade_id":36548487,"price":"8073.25000000","size":"0.00247731","side":"buy"},{"time":"2018-02-08T05:22:38.284Z","trade_id":36548486,"price":"8073.26000000","size":"0.06554658","side":"buy"},{"time":"2018-02-08T05:22:38.284Z","trade_id":36548485,"price":"8073.27000000","size":"0.00189429","side":"buy"},{"time":"2018-02-08T05:22:37.012Z","trade_id":36548484,"price":"8073.26000000","size":"0.08213646","side":"buy"}]